1467071011,650.670000000000,0.046880000000
1467070982,650.540000000000,1.533530000000
1467070982,650.500000000000,0.027400000000
1467070982,650.500000000000,0.040000000000
1467070982,650.490000000000,1.630000000000
1467070982,650.470000000000,0.222000000000
1467070982,650.460000000000,1.420000000000
1467070982,650.440000000000,0.010000000000
1467070982,650.430000000000,1.730000000000
1467070982,650.310000000000,0.211000000000
1467070982,650.290000000000,0.010000000000
1467070982,650.250000000000,0.019500000000
1467070982,650.230000000000,0.187000000000
1467070982,650.150000000000,0.202000000000
1467070982,650.140000000000,0.202000000000
1467070982,650.060000000000,0.234000000000
1467070982,650.050000000000,0.013900000000
1467070982,650.050000000000,0.010000000000
1467070982,650.000000000000,0.223000000000
1467070982,650.000000000000,0.012400000000
1467070982,650.000000000000,1.000000000000
1467070982,650.000000000000,0.040000000000
1467070982,649.920000000000,0.197000000000
1467070982,649.890000000000,0.182000000000
1467070982,649.870000000000,0.810100000000
1467070982,649.860000000000,0.214000000000
1467070982,649.840000000000,0.806800000000
1467070982,649.810000000000,0.220000000000
1467070982,649.810000000000,0.740400000000
1467070982,649.800000000000,0.570000000000
1467070951,649.980000000000,0.057160000000
1467070935,649.990000000000,0.103900000000
1467070935,649.990000000000,0.022100000000
1467070935,649.900000000000,0.006500000000
1467070935,649.900000000000,0.077500000000
1467070935,649.900000000000,0.010000000000
1467070935,649.900000000000,0.010000000000
1467070927,649.850000000000,1.180670000000
1467070918,649.870000000000,0.040000000000
1467070918,649.870000000000,0.019162000000
1467070918,649.870000000000,0.020838000000
1467070896,649.900000000000,0.059162000000
1467070896,649.900000000000,0.053900000000
1467070891,649.990000000000,3.251160000000
1467070862,649.210000000000,1.276845770000
1467070862,649.220000000000,0.986162700000
1467070862,649.230000000000,2.710000000000
1467070862,649.500000000000,0.040000000000
1467070862,649.740000000000,0.010000000000
1467070862,650.060000000000,0.107000000000
1467070862,650.150000000000,0.010001530000
1467070852,650.390000000000,0.040000000000
1467070831,650.340000000000,0.124490000000
1467070831,650.300000000000,0.010000000000
1467070831,650.280000000000,0.750000000000
1467070831,650.260000000000,0.200000000000
1467070831,650.260000000000,0.010000000000
1467070803,650.180000000000,0.267259340000
1467070801,650.200000000000,1.369220000000
1467070774,650.240000000000,0.287440000000
1467070756,650.250000000000,0.160000000000
1467070756,650.000000000000,0.040000000000
1467070741,649.220000000000,0.013837300000
1467070741,649.240000000000,2.500000000000
1467070741,649.240000000000,2.500000000000
1467070741,649.260000000000,0.010000000000
1467070741,649.420000000000,0.010000000000
1467070741,649.430000000000,0.300000000000
1467070741,649.430000000000,0.010000000000
1467070741,649.440000000000,0.010000000000
1467070741,649.500000000000,0.040000000000
1467070741,649.500000000000,0.010000000000
1467070741,649.500000000000,0.010000000000
1467070741,649.830000000000,0.075000000000
1467070741,649.910000000000,0.099000000000
1467070741,650.000000000000,0.115000000000
1467070741,650.000000000000,0.010092700000
1467070741,650.080000000000,0.126000000000
1467070741,650.240000000000,0.349800000000
1467070741,650.240000000000,0.289100000000
1467070741,650.240000000000,0.276600000000
1467070741,650.240000000000,0.181700000000
1467070721,650.240000000000,0.226000000000
1467070713,650.160000000000,0.287280000000
1467070681,650.270000000000,0.043460000000
1467070651,649.550000000000,2.435808270000
1467070651,649.560000000000,3.830000000000
1467070651,649.700000000000,2.760000000000
1467070651,649.710000000000,0.700000000000
1467070651,649.790000000000,0.230000000000
1467070651,649.800000000000,1.140000000000
1467070651,649.870000000000,0.228000000000
1467070651,649.950000000000,0.207000000000
1467070651,650.000000000000,0.040000000000
1467070651,650.000000000000,0.010084940000
1467070651,650.000000000000,0.010000000000
1467070651,650.030000000000,0.238000000000
1467070651,650.110000000000,0.248000000000
1467070651,650.190000000000,0.202000000000
1467070651,650.200000000000,0.109216790000
1467070651,650.200000000000,0.006990000000
1467070651,650.270000000000,0.250000000000
1467070651,650.350000000000,0.235000000000
1467070651,650.400000000000,1.328090000000
1467070651,650.430000000000,0.237000000000
1467070651,650.430000000000,0.720000000000
1467070624,650.990000000000,0.010000000000
1467070621,650.420000000000,0.285810000000
1467070591,650.970000000000,0.037433680000
1467070591,650.970000000000,0.255656320000
1467070561,650.400000000000,0.481910000000
1467070561,650.420000000000,0.120000000000
1467070561,650.460000000000,0.010000000000
1467070561,650.500000000000,0.110000000000
1467070561,650.500000000000,0.012500000000
1467070561,650.680000000000,0.138000000000
1467070561,650.720000000000,0.164200000000
1467070561,650.750000000000,0.169600000000
1467070561,650.780000000000,0.239300000000
1467070561,650.800000000000,0.253400000000
1467070537,650.990000000000,0.982260000000
1467070501,650.510000000000,0.121770000000
1467070475,651.000000000000,0.794208000000
1467070475,651.000000000000,0.085645370000
1467070475,651.000000000000,0.010077190000
1467070475,651.000000000000,0.010069440000
1467070471,650.510000000000,0.158690000000
1467070455,650.980000000000,0.010000000000
1467070442,650.970000000000,3.160490000000
1467070435,650.490000000000,2.156437430000
1467070429,650.970000000000,0.204804130000
1467070411,650.990000000000,0.628440000000
1467070411,650.940000000000,0.010000000000
1467070411,650.930000000000,0.580000000000
1467070411,650.750000000000,0.012400000000
1467070381,650.730000000000,0.827290000000
1467070381,650.720000000000,0.400000000000
1467070351,650.300000000000,0.683640000000
1467070351,650.290000000000,0.079000000000
1467070321,650.200000000000,0.003010000000
1467070321,650.250000000000,0.010000000000
1467070321,650.250000000000,0.010000000000
1467070321,650.420000000000,0.010000000000
1467070321,650.500000000000,0.012500000000
1467070309,650.600000000000,0.090000000000
1467070291,650.990000000000,0.078698000000
1467070291,650.900000000000,0.010000000000
1467070291,650.840000000000,0.004202000000
1467070261,650.330000000000,0.016660000000
1467070258,650.840000000000,0.005798000000
1467070258,650.840000000000,0.010000000000
1467070258,650.680000000000,0.010000000000
1467070258,650.670000000000,0.038400000000
1467070258,650.480000000000,0.010000000000
1467070252,650.190000000000,0.035210000000
1467070202,650.470000000000,4.155690000000
1467070202,650.370000000000,0.300000000000
1467070171,650.310000000000,3.946819660000
1467070171,650.300000000000,1.400000000000
1467070171,650.290000000000,1.000000000000
1467070171,650.280000000000,0.129000000000
1467070171,650.270000000000,3.010000000000
1467070171,650.200000000000,0.116000000000
1467070171,650.190000000000,1.070000000000
1467070171,650.120000000000,0.106000000000
1467070171,650.040000000000,0.122000000000
1467070171,650.000000000000,0.010092840000
1467070171,649.960000000000,0.113000000000
1467070171,649.880000000000,0.131000000000
1467070171,649.800000000000,0.113000000000
1467070171,649.760000000000,0.099000000000
1467070171,649.650000000000,0.479737500000
1467070164,649.650000000000,0.997760000000
1467070164,649.640000000000,0.121000000000
1467070141,649.650000000000,0.602760000000
1467070128,649.650000000000,0.048200000000
1467070128,649.650000000000,0.280800000000
1467070128,649.650000000000,0.019600000000
1467070128,649.450000000000,0.231400000000
1467070114,649.650000000000,2.340580000000
1467070114,649.450000000000,0.656800000000
1467070114,649.450000000000,0.596900000000
1467070114,649.450000000000,0.592600000000
1467070113,649.450000000000,0.456300000000
1467070081,650.440000000000,0.080044930000
1467070081,650.340000000000,0.027400000000
1467070081,650.260000000000,0.010000000000
1467070081,650.250000000000,1.050000000000
1467070081,650.200000000000,0.085000000000
1467070081,650.190000000000,0.980000000000
1467070081,650.090000000000,0.019500000000
1467070081,650.080000000000,0.010000000000
1467070081,650.040000000000,0.072000000000
1467070081,650.000000000000,0.010000000000
1467070081,650.000000000000,0.010000000000
1467070081,650.000000000000,0.010085070000
1467070081,649.920000000000,0.010000000000
1467070081,649.890000000000,0.013900000000
1467070081,649.750000000000,0.010000000000
1467070081,649.740000000000,0.005100000000
1467070051,649.740000000000,0.004900000000
1467070051,649.610000000000,0.097000000000
1467070051,649.530000000000,0.089000000000
1467070051,649.440000000000,0.126000000000
1467070051,649.440000000000,0.010000000000
1467070051,649.310000000000,0.010000000000
1467070051,649.250000000000,0.010000000000
1467070051,649.250000000000,0.010000000000
1467070024,648.150000000000,0.016954870000
1467070024,648.220000000000,0.162925130000
1467070024,648.250000000000,0.885900000000
1467070024,648.270000000000,0.897300000000
1467070024,648.290000000000,0.148000000000
1467070024,648.290000000000,0.512900000000
1467069995,649.080000000000,0.020000000000
1467069991,649.100000000000,0.160287080000
1467069991,649.100000000000,0.245000000000
1467069991,649.090000000000,1.400000000000
1467069991,649.050000000000,0.010000000000
1467069991,649.040000000000,1.410000000000
1467069991,649.000000000000,0.010131990000
1467069991,649.000000000000,0.138000000000
1467069991,648.990000000000,1.860000000000
1467069991,648.920000000000,0.010000000000
1467069991,648.910000000000,0.200000000000
1467069991,648.880000000000,0.216000000000
1467069991,648.870000000000,0.240000000000
1467069991,648.860000000000,0.053700000000
1467069991,648.850000000000,0.250000000000
1467069991,648.820000000000,0.237000000000
1467069991,648.810000000000,0.830000000000
1467069991,648.700000000000,0.010000000000
1467069991,648.690000000000,0.160000000000
1467069991,648.450000000000,0.010000000000
1467069991,648.430000000000,0.038400000000
1467069991,648.380000000000,0.130000000000
1467069991,648.290000000000,0.120000000000
1467069991,648.260000000000,0.010000000000
1467069991,648.100000000000,0.027400000000
1467069991,648.070000000000,0.010000000000
1467069991,648.000000000000,0.500000000000
1467069991,648.000000000000,0.010100930000
1467069991,648.000000000000,0.041290000000
1467069971,647.990000000000,0.540980000000
1467069971,647.880000000000,0.010000000000
1467069971,647.850000000000,0.007050000000
1467069931,647.850000000000,0.012450000000
1467069931,647.650000000000,0.013900000000
1467069931,647.500000000000,0.010000000000
1467069931,647.500000000000,0.038710000000
1467069926,647.280000000000,0.206120000000
1467069925,647.280000000000,1.021640000000
1467069917,647.270000000000,0.431100000000
1467069901,647.420000000000,2.313060000000
1467069895,646.690000000000,2.208509960000
1467069895,646.750000000000,0.012014670000
1467069895,646.750000000000,0.016359290000
1467069895,646.800000000000,0.100000000000
1467069895,646.900000000000,1.500000000000
1467069895,646.910000000000,6.791614460000
1467069895,646.910000000000,0.010000000000
1467069895,646.950000000000,0.020000000000
1467069895,647.000000000000,3.950000000000
1467069895,647.000000000000,10.000000000000
1467069895,647.000000000000,0.010100930000
1467069895,647.000000000000,0.100000000000
1467069895,647.000000000000,0.010093130000
1467069895,647.000000000000,0.038710000000
1467069895,647.010000000000,19.290000000000
1467069895,647.450000000000,0.750000000000
1467069895,647.500000000000,0.010000000000
1467069895,647.500000000000,0.010000000000
1467069895,647.500000000000,0.010000000000
1467069895,647.500000000000,0.012597560000
1467069895,647.500000000000,0.040000000000
1467069895,647.500000000000,0.100000000000
1467069895,647.620000000000,0.010000000000
1467069882,647.630000000000,0.178868010000
1467069882,648.000000000000,0.010000000000
1467069882,648.000000000000,0.010000000000
1467069882,648.000000000000,0.010131990000
1467069882,648.000000000000,4.791000000000
1467069877,648.000000000000,1.079000000000
1467069877,648.010000000000,3.650000000000
1467069877,648.010000000000,0.121000000000
1467069877,648.310000000000,0.150000000000
1467069872,648.000000000000,3.130000000000
1467069872,648.010000000000,1.870000000000
1467069871,649.190000000000,0.116590000000
1467069867,648.010000000000,2.062577630000
1467069867,648.160000000000,2.510000000000
1467069867,648.170000000000,0.400000000000
1467069867,649.250000000000,0.027422370000
1467069861,648.010000000000,0.261496530000
1467069861,648.020000000000,0.010000000000
1467069861,648.030000000000,0.310000000000
1467069861,648.030000000000,0.010000000000
1467069861,648.040000000000,0.870000000000
1467069861,648.090000000000,0.010000000000
1467069861,648.100000000000,0.210000000000
1467069861,648.100000000000,0.010000000000
1467069861,648.110000000000,2.450000000000
1467069861,648.630000000000,0.128000000000
1467069861,648.710000000000,0.125000000000
1467069861,648.790000000000,0.082000000000
1467069861,648.870000000000,0.106000000000
1467069861,648.950000000000,0.100000000000
1467069861,649.000000000000,0.010085070000
1467069861,649.030000000000,0.126000000000
1467069861,649.100000000000,0.010000000000
1467069861,649.110000000000,0.010000000000
1467069861,649.110000000000,0.118000000000
1467069861,649.110000000000,0.043418400000
1467069846,650.070000000000,2.192153140000
1467069846,650.000000000000,0.010077310000
1467069846,650.000000000000,0.010000000000
1467069846,650.000000000000,0.010000000000
1467069846,650.000000000000,0.010069550000
1467069846,650.000000000000,0.010000000000
1467069846,649.990000000000,1.120000000000
1467069846,649.970000000000,0.122000000000
1467069846,649.910000000000,0.010000000000
1467069846,649.780000000000,0.027400000000
1467069846,649.680000000000,0.010000000000
1467069846,649.670000000000,0.111000000000
1467069846,649.330000000000,0.199000000000
1467069846,649.160000000000,0.251200000000
1467069846,649.130000000000,0.410600000000
1467069846,649.120000000000,0.235400000000
1467069846,649.120000000000,0.261100000000
1467069841,649.150000000000,0.007230000000
1467069841,649.130000000000,0.405700000000
1467069841,649.150000000000,0.422441680000
1467069839,649.660000000000,3.422500000000
1467069839,649.470000000000,0.010000000000
1467069839,649.210000000000,0.425700000000
1467069839,649.180000000000,0.225000000000
1467069839,649.180000000000,0.496200000000
1467069839,649.160000000000,0.420600000000
1467069832,649.670000000000,2.924600000000
1467069832,649.530000000000,0.019500000000
1467069832,649.520000000000,0.380000000000
1467069832,649.510000000000,0.010000000000
1467069832,649.500000000000,1.120000000000
1467069832,649.330000000000,0.013900000000
1467069832,649.320000000000,0.300000000000
1467069832,649.320000000000,0.099000000000
1467069832,649.270000000000,0.010000000000
1467069832,649.270000000000,0.010000000000
1467069832,649.250000000000,0.010000000000
1467069832,649.250000000000,0.010000000000
1467069832,649.240000000000,0.083000000000
1467069832,649.180000000000,0.010000000000
1467069812,649.220000000000,0.548890000000
1467069811,649.230000000000,0.502348210000
1467069811,649.060000000000,0.010000000000
1467069811,649.000000000000,0.010124180000
1467069811,648.990000000000,0.332537610000
1467069811,648.910000000000,0.010000000000
1467069811,648.830000000000,0.010000000000
1467069755,648.820000000000,0.059910000000
1467069752,648.820000000000,0.007552390000
1467069752,648.680000000000,0.010000000000
1467069752,648.670000000000,0.290000000000
1467069721,647.510000000000,1.004333620000
1467069721,647.590000000000,0.010000000000
1467069721,647.640000000000,1.065500000000
1467069721,647.660000000000,0.029336380000
1467069721,647.670000000000,0.087460000000
1467069702,648.670000000000,1.354120300000
1467069702,648.580000000000,0.161000000000
1467069702,648.570000000000,0.202000000000
1467069702,648.500000000000,0.423091270000
1467069702,648.490000000000,0.159000000000
1467069693,648.480000000000,0.051790000000
1467069684,648.490000000000,0.087460000000
1467069671,648.460000000000,0.153826940000
1467069662,647.650000000000,4.004110000000
1467069662,647.690000000000,0.020000000000
1467069662,647.740000000000,0.300000000000
1467069631,647.750000000000,0.641422510000
1467069631,648.000000000000,0.086000000000
1467069631,648.000000000000,0.010124180000
1467069631,648.000000000000,0.010000000000
1467069631,648.000000000000,0.010000000000
1467069631,648.000000000000,0.025000000000
1467069631,648.020000000000,0.010000000000
1467069631,648.030000000000,0.010000000000
1467069631,648.040000000000,0.010000000000
1467069631,648.070000000000,0.011325940000
1467069631,648.080000000000,0.085000000000
1467069631,648.080000000000,0.029317370000
1467069618,648.500000000000,0.076908730000
1467069601,648.060000000000,0.017990000000
1467069570,649.400000000000,0.015780000000
1467069566,649.660000000000,0.029545300000
1467069566,649.470000000000,0.099000000000
1467069566,649.460000000000,0.010000000000
1467069566,649.450000000000,0.010000000000
1467069566,649.280000000000,0.010000000000
1467069566,649.270000000000,0.510000000000
1467069566,649.250000000000,0.010000000000
1467069566,649.250000000000,0.010000000000
1467069566,649.240000000000,0.130000000000
1467069566,649.120000000000,0.010000000000
1467069566,649.000000000000,0.010116370000
1467069553,648.970000000000,0.120000000000
1467069552,648.970000000000,0.021982000000
1467069541,647.750000000000,0.268239730000
1467069541,647.780000000000,0.010000000000
1467069541,648.000000000000,0.010116370000
1467069541,648.000000000000,0.010000000000
1467069541,648.000000000000,0.010000000000
1467069541,648.160000000000,0.160000000000
1467069541,648.220000000000,0.099153900000
1467069490,648.170000000000,1.403291200000
1467069490,648.360000000000,0.010000000000
1467069490,648.410000000000,0.986708800000
1467069481,648.400000000000,0.078790000000
1467069460,648.370000000000,0.204082120000
1467069460,648.810000000000,0.010000000000
1467069460,648.990000000000,0.160000000000
1467069460,649.000000000000,0.029275810000
1467069460,649.000000000000,0.010077310000
1467069460,649.010000000000,0.010000000000
1467069460,649.020000000000,0.010000000000
1467069460,649.030000000000,0.010000000000
1467069460,649.040000000000,0.400000000000
1467069450,649.990000000000,0.369937750000
1467069450,649.880000000000,0.010000000000
1467069450,649.660000000000,0.010000000000
1467069450,649.510000000000,0.010000000000
1467069450,649.490000000000,0.349500000000
1467069450,649.480000000000,0.031462250000
1467069403,649.480000000000,0.245656320000
1467069403,649.290000000000,0.010000000000
1467069394,649.270000000000,0.062881430000
1467069394,649.040000000000,0.010000000000
1467069394,649.000000000000,0.010108570000
1467069391,648.990000000000,0.020020000000
1467069391,648.990000000000,0.022380000000
1467069391,648.990000000000,0.017600000000
1467069382,647.870000000000,2.477598470000
1467069382,648.000000000000,0.010108570000
1467069382,648.010000000000,0.400000000000
1467069382,648.610000000000,2.083000000000
1467069382,648.620000000000,0.029292960000
1467069368,648.610000000000,4.990000000000
1467069368,648.630000000000,0.010000000000
1467069360,649.280000000000,0.329499220000
1467069360,649.110000000000,0.010000000000
1467069360,649.040000000000,0.010000000000
1467069360,649.000000000000,0.010100780000
1467069360,648.990000000000,0.400000000000
1467069360,647.790000000000,1.714899220000
1467069360,647.850000000000,0.125000000000
1467069360,647.860000000000,0.150000000000
1467069360,648.000000000000,3.010100780000
1467069355,648.000000000000,4.989899220000
1467069355,648.000000000000,0.010100780000
1467069350,648.010000000000,4.774000000000
1467069350,648.040000000000,0.010000000000
1467069350,648.100000000000,0.100000000000
1467069350,648.210000000000,0.010000000000
1467069350,648.220000000000,0.010000000000
1467069350,648.430000000000,0.076000000000
1467069350,648.430000000000,0.020000000000
1467069345,648.440000000000,3.085889230000
1467069345,648.600000000000,0.010000000000
1467069345,648.610000000000,1.050000000000
1467069345,648.750000000000,0.010000000000
1467069345,648.750000000000,0.010000000000
1467069345,648.750000000000,0.010000000000
1467069345,648.750000000000,0.010000000000
1467069345,648.890000000000,0.432500000000
1467069345,648.910000000000,0.352331350000
1467069345,648.920000000000,0.029279420000
1467069340,648.910000000000,1.177068650000
1467069340,648.960000000000,0.358500000000
1467069340,649.000000000000,0.010069550000
1467069340,649.000000000000,0.010061800000
1467069340,649.080000000000,0.429300000000
1467069340,649.160000000000,0.020000000000
1467069340,649.160000000000,0.010000000000
1467069340,649.320000000000,2.500000000000
1467069340,649.330000000000,0.085000000000
1467069340,649.330000000000,0.400000000000
1467069331,649.450000000000,1.148850560000
1467069331,649.500000000000,0.010000000000
1467069331,649.500000000000,0.010000000000
1467069331,649.620000000000,0.093000000000
1467069331,649.670000000000,0.010000000000
1467069331,649.700000000000,0.125000000000
1467069331,649.790000000000,0.129000000000
1467069331,649.870000000000,0.075000000000
1467069331,649.920000000000,0.170000000000
1467069331,649.950000000000,0.114000000000
1467069331,650.000000000000,0.010069440000
1467069331,650.000000000000,2.000000000000
1467069331,650.020000000000,2.500000000000
1467069331,650.020000000000,0.750000000000
1467069331,650.030000000000,0.088000000000
1467069301,651.100000000000,0.099948300000
1467069301,651.000000000000,0.010061700000
1467069301,650.890000000000,0.227000000000
1467069301,650.880000000000,0.400000000000
1467069283,649.330000000000,1.759408180000
1467069283,649.610000000000,0.010000000000
1467069283,649.770000000000,0.010000000000
1467069283,649.830000000000,0.358500000000
1467069283,649.890000000000,0.010000000000
1467069283,649.900000000000,0.020000000000
1467069283,649.990000000000,0.010000000000
1467069283,650.000000000000,0.010000000000
1467069283,650.000000000000,0.010000000000
1467069283,650.000000000000,0.880000000000
1467069283,650.000000000000,0.896952660000
1467069283,650.010000000000,0.790000000000
1467069283,650.780000000000,0.100000000000
1467069283,650.890000000000,0.105000000000
1467069283,651.000000000000,0.010000000000
1467069283,651.000000000000,0.010000000000
1467069283,651.000000000000,0.010139160000
1467069274,651.080000000000,0.019940000000
1467069245,651.090000000000,0.294530000000
1467069245,651.080000000000,0.201000000000
1467069213,651.090000000000,0.033000000000
1467069212,651.090000000000,0.099330000000
1467069212,651.080000000000,0.207000000000
1467069181,651.450000000000,0.094070000000
1467069174,650.000000000000,1.103047340000
1467069174,650.000000000000,0.046000000000
1467069174,650.000000000000,0.750000000000
1467069174,650.000000000000,0.010061700000
1467069174,650.000000000000,0.010053970000
1467069174,650.090000000000,0.010000000000
1467069174,650.410000000000,0.074000000000
1467069174,650.440000000000,0.010000000000
1467069174,650.450000000000,3.990000000000
1467069174,650.520000000000,0.358500000000
1467069174,650.580000000000,0.010000000000
1467069174,650.620000000000,0.010000000000
1467069174,650.620000000000,0.010000000000
1467069174,650.840000000000,0.010000000000
1467069174,650.840000000000,6.316312310000
1467069174,650.850000000000,2.450000000000
1467069174,651.000000000000,0.843200000000
1467069174,651.000000000000,0.010131380000
1467069174,651.010000000000,1.350000000000
1467069174,651.030000000000,0.010000000000
1467069174,651.040000000000,0.300000000000
1467069174,651.040000000000,0.274907610000
1467069174,651.050000000000,1.460000000000
1467069174,651.070000000000,7.880000000000
1467069174,651.260000000000,0.010000000000
1467069174,651.260000000000,0.010000000000
1467069174,651.270000000000,0.570000000000
1467069174,651.300000000000,1.560000000000
1467069174,651.510000000000,0.553785690000
1467069164,651.510000000000,29.446214310000
1467069164,651.520000000000,0.700000000000
1467069164,651.520000000000,0.530000000000
1467069164,651.530000000000,8.490000000000
1467069164,651.750000000000,0.010000000000
1467069164,651.750000000000,0.010000000000
1467069164,651.800000000000,0.010000000000
1467069164,652.000000000000,0.010185690000
1467069164,652.000000000000,0.250000000000
1467069164,652.020000000000,0.543600000000
1467069156,652.020000000000,0.033420470000
1467069151,652.540000000000,0.319020000000
1467069151,652.530000000000,0.269000000000
1467069121,653.000000000000,0.042240000000
1467069109,652.010000000000,0.663400000000
1467069109,652.020000000000,0.010000000000
1467069109,652.030000000000,2.490000000000
1467069109,652.130000000000,0.010000000000
1467069109,652.140000000000,0.093000000000
1467069109,652.150000000000,0.700000000000
1467069109,652.160000000000,0.630000000000
1467069109,652.910000000000,0.403600000000
1467069104,652.140000000000,2.885800000000
1467069104,652.270000000000,0.234000000000
1467069104,652.350000000000,0.237000000000
1467069104,652.430000000000,0.229000000000
1467069104,652.450000000000,0.010000000000
1467069104,652.510000000000,0.246000000000
1467069104,652.890000000000,0.149000000000
1467069104,652.990000000000,1.009200000000
1467069098,652.590000000000,0.062340000000
1467069098,652.670000000000,0.230000000000
1467069098,652.750000000000,0.212000000000
1467069098,652.830000000000,0.236000000000
1467069098,652.910000000000,0.248000000000
1467069098,652.990000000000,1.017200000000
1467069098,652.990000000000,0.512500000000
1467069098,652.990000000000,0.517400000000
1467069098,652.990000000000,0.504500000000
1467069098,652.990000000000,0.208000000000
1467069098,652.990000000000,1.252060000000
1467069091,653.000000000000,0.035410000000
1467069089,653.000000000000,0.040000000000
1467069061,652.990000000000,0.777940000000
1467069043,652.990000000000,0.010000000000
1467069030,653.000000000000,0.345990000000
1467069030,652.990000000000,0.112000000000
1467069001,652.980000000000,0.015670000000
1467068970,652.800000000000,0.510660000000
1467068970,652.810000000000,0.208000000000
1467068943,653.000000000000,0.010672040000
1467068943,653.000000000000,3.750000000000
1467068943,653.000000000000,0.010177880000
1467068943,653.000000000000,0.010170080000
1467068943,653.000000000000,0.010000000000
1467068943,653.000000000000,0.010000000000
1467068943,652.930000000000,0.010000000000
1467068943,652.900000000000,1.000000000000
1467068943,652.890000000000,0.331270000000
1467068943,652.870000000000,0.109000000000
1467068943,652.870000000000,0.161100000000
1467068910,652.890000000000,0.668730000000
1467068883,652.790000000000,0.068460000000
1467068883,652.730000000000,0.010000000000
1467068883,652.500000000000,0.010000000000
1467068883,652.280000000000,0.010000000000
1467068867,652.000000000000,0.376600360000
1467068850,652.000000000000,0.142620000000
1467068824,651.960000000000,0.030000000000
1467068820,652.000000000000,0.105460000000
1467068790,651.560000000000,0.018000000000
1467068761,651.370000000000,0.049974020000
1467068761,651.390000000000,0.324100000000
1467068761,651.410000000000,0.217515980000
1467068761,651.420000000000,0.250000000000
1467068733,651.900000000000,0.053010000000
1467068733,651.890000000000,0.010000000000
1467068733,651.820000000000,0.107000000000
1467068733,651.740000000000,0.109000000000
1467068733,651.740000000000,0.010000000000
1467068733,651.660000000000,0.129000000000
1467068733,651.580000000000,0.125000000000
1467068733,651.510000000000,0.010000000000
1467068733,651.500000000000,0.146000000000
1467068733,651.500000000000,0.052560000000
1467068733,651.490000000000,0.084000000000
1467068733,651.480000000000,0.189700000000
1467068733,651.460000000000,0.107900000000
1467068728,651.500000000000,0.015000000000
1467068715,651.490000000000,2.500000000000
1467068705,651.500000000000,0.619210000000
1467068671,651.290000000000,0.346210000000
1467068671,651.280000000000,0.107000000000
1467068651,651.500000000000,0.313230000000
1467068651,651.450000000000,0.162000000000
1467068651,651.370000000000,0.176000000000
1467068651,651.360000000000,0.187000000000
1467068651,651.300000000000,1.434770000000
1467068651,651.280000000000,0.167000000000
1467068651,651.280000000000,0.560000000000
1467068648,651.040000000000,0.050000000000
1467068642,651.050000000000,0.024040000000
1467068611,651.230000000000,0.323820000000
1467068580,651.300000000000,4.258230000000
1467068555,651.280000000000,0.009725710000
1467068550,651.040000000000,0.033592390000
1467068550,651.070000000000,0.111000000000
1467068550,651.160000000000,0.119000000000
1467068550,651.200000000000,0.200000000000
1467068550,651.210000000000,0.192209730000
1467068550,651.600000000000,0.015000000000
1467068550,652.000000000000,0.010177880000
1467068520,652.130000000000,0.105790000000
1467068520,652.130000000000,0.038900000000
1467068496,652.140000000000,0.092390000000
1467068461,651.240000000000,0.038780000000
1467068461,651.220000000000,0.048641990000
1467068461,651.240000000000,0.207600000000
1467068434,651.050000000000,0.752855920000
1467068434,651.120000000000,0.010000000000
1467068434,651.160000000000,0.011100000000
1467068434,651.180000000000,0.010000000000
1467068434,651.250000000000,0.010000000000
1467068434,651.250000000000,0.010000000000
1467068434,651.300000000000,0.189000000000
1467068434,651.380000000000,0.186000000000
1467068434,651.460000000000,0.199000000000
1467068434,651.540000000000,0.225000000000
1467068434,651.640000000000,0.010000000000
1467068434,651.720000000000,0.125000000000
1467068434,651.750000000000,0.010000000000
1467068434,651.750000000000,0.010000000000
1467068434,651.800000000000,0.096000000000
1467068434,651.880000000000,0.099000000000
1467068434,651.970000000000,0.127000000000
1467068434,652.000000000000,0.153374000000
1467068434,652.000000000000,0.010170080000
1467068400,652.140000000000,0.128830000000
1467068400,652.130000000000,0.112000000000
1467068393,652.130000000000,0.000235240000
1467068370,652.150000000000,1.090730000000
1467068344,652.140000000000,0.010661230000
1467068340,652.190000000000,0.047430000000
1467068331,653.070000000000,0.313728460000
1467068331,653.070000000000,0.028028000000
1467068331,653.070000000000,0.206713540000
1467068331,653.030000000000,0.029300000000
1467068331,653.010000000000,0.029300000000
1467068331,653.000000000000,0.072930000000
1467068310,652.160000000000,0.072930000000
1467068310,652.590000000000,0.010000000000
1467068296,653.050000000000,0.278053170000
1467068296,653.040000000000,0.127000000000
1467068280,653.080000000000,3.489190000000
1467068280,653.070000000000,0.098000000000
1467068275,653.070000000000,0.056156460000
1467068267,653.080000000000,0.138843540000
1467068267,653.080000000000,0.061156460000
1467068251,653.100000000000,0.021447710000
1467068251,653.080000000000,0.098000000000
1467068251,653.070000000000,0.010000000000
1467068251,653.000000000000,0.129000000000
1467068251,653.000000000000,0.010162290000
1467068221,651.830000000000,1.793567710000
1467068221,651.870000000000,0.010000000000
1467068221,651.900000000000,0.089000000000
1467068221,651.910000000000,4.200000000000
1467068221,651.990000000000,0.082000000000
1467068221,652.000000000000,0.920000000000
1467068221,652.000000000000,0.010000000000
1467068221,652.000000000000,0.010162290000
1467068221,652.010000000000,2.310000000000
1467068221,652.140000000000,0.274000000000
1467068221,652.200000000000,0.010000000000
1467068221,652.210000000000,0.010000000000
1467068221,652.220000000000,0.238000000000
1467068221,652.220000000000,0.010000000000
1467068221,652.300000000000,0.264000000000
1467068221,652.370000000000,5.050000000000
1467068221,652.380000000000,0.238000000000
1467068193,653.100000000000,0.027500000000
1467068193,653.100000000000,0.073500000000
1467068193,653.100000000000,0.032032000000
1467068193,653.100000000000,0.015811540000
1467068190,653.100000000000,0.384480000000
1467068190,653.090000000000,0.029300000000
1467068161,653.100000000000,0.344690000000
1467068130,653.100000000000,0.781360000000
1467068130,653.090000000000,0.029300000000
1467068102,653.090000000000,1.040520000000
1467068072,653.090000000000,0.165190000000
1467068041,653.090000000000,0.146750000000
1467068021,653.090000000000,0.050000000000
1467068010,653.480000000000,2.669780000000
1467068010,653.350000000000,0.115000000000
1467068010,653.300000000000,1.690000000000
1467068010,653.260000000000,0.160000000000
1467068010,653.250000000000,0.980000000000
1467068010,653.250000000000,0.010000000000
1467068010,653.240000000000,2.740000000000
1467068010,653.100000000000,0.010000000000
1467068010,653.090000000000,3.345880000000
1467068010,653.080000000000,3.270000000000
1467067980,652.370000000000,0.121420000000
1467067980,652.370000000000,0.010000000000
1467067966,652.460000000000,0.001796470000
1467067966,652.470000000000,0.010000000000
1467067966,652.500000000000,0.010000000000
1467067966,652.500000000000,0.010000000000
1467067966,652.550000000000,0.104000000000
1467067966,652.780000000000,0.010000000000
1467067966,653.000000000000,0.010123220000
1467067966,653.010000000000,0.010000000000
1467067966,653.010000000000,0.010000000000
1467067952,653.090000000000,0.753120000000
1467067952,653.070000000000,0.073000000000
1467067952,653.070000000000,0.621600000000
1467067938,653.030000000000,0.010000000000
1467067920,653.980000000000,0.253091000000
1467067920,653.930000000000,0.010000000000
1467067920,653.750000000000,0.010000000000
1467067920,653.750000000000,0.010000000000
1467067920,653.750000000000,0.010000000000
1467067920,653.750000000000,0.010000000000
1467067920,653.670000000000,0.010000000000
1467067920,653.650000000000,0.093000000000
1467067920,653.570000000000,0.141000000000
1467067920,653.570000000000,0.500000000000
1467067920,653.570000000000,0.180749000000
1467067920,653.490000000000,0.140000000000
1467067920,653.490000000000,0.010000000000
1467067920,653.470000000000,0.126000000000
1467067920,653.010000000000,0.227700000000
1467067918,653.480000000000,1.105788290000
1467067918,653.420000000000,0.010000000000
1467067918,653.410000000000,0.092000000000
1467067918,653.330000000000,0.300000000000
1467067918,653.330000000000,0.125000000000
1467067918,653.260000000000,0.010000000000
1467067918,653.250000000000,0.092000000000
1467067918,653.170000000000,2.529000000000
1467067918,653.170000000000,0.121000000000
1467067918,653.090000000000,0.092000000000
1467067918,653.010000000000,0.551100000000
1467067918,653.010000000000,0.863300000000
1467067918,653.010000000000,0.126000000000
1467067918,653.010000000000,0.692450000000
1467067894,653.010000000000,0.341970000000
1467067863,653.010000000000,0.415580000000
1467067863,653.010000000000,0.101000000000
1467067830,653.010000000000,0.298020000000
1467067805,653.090000000000,0.382048780000
1467067805,653.050000000000,0.010000000000
1467067805,653.000000000000,0.010000000000
1467067805,653.000000000000,0.010000000000
1467067805,653.000000000000,0.010154500000
1467067805,653.000000000000,0.010146720000
1467067805,652.980000000000,0.190000000000
1467067805,652.850000000000,0.010000000000
1467067805,652.760000000000,0.099000000000
1467067805,652.680000000000,0.010000000000
1467067805,652.560000000000,0.124000000000
1467067805,652.480000000000,0.010000000000
1467067770,652.330000000000,0.152453960000
1467067770,652.260000000000,2.675936040000
1467067770,652.250000000000,0.172000000000
1467067761,652.240000000000,3.598855740000
1467067761,652.230000000000,0.310000000000
1467067741,652.120000000000,0.010000000000
1467067740,652.470000000000,0.040646400000
1467067740,652.310000000000,0.010000000000
1467067740,652.080000000000,0.010000000000
1467067740,652.070000000000,0.094000000000
1467067740,652.060000000000,0.330000000000
1467067740,652.000000000000,0.010123600000
1467067740,651.990000000000,0.091000000000
1467067724,652.020000000000,0.090000000000
1467067710,650.890000000000,0.099806400000
1467067710,651.000000000000,0.010123600000
1467067710,651.030000000000,0.010000000000
1467067710,651.060000000000,0.114000000000
1467067710,651.250000000000,0.010000000000
1467067710,651.250000000000,0.010000000000
1467067710,651.280000000000,0.010000000000
1467067710,651.580000000000,0.090000000000
1467067710,651.640000000000,0.010000000000
1467067710,651.650000000000,0.011000000000
1467067710,651.750000000000,0.010000000000
1467067710,651.750000000000,0.010000000000
1467067680,651.760000000000,3.728835500000
1467067680,652.000000000000,0.010154500000
1467067680,652.010000000000,2.410000000000
1467067680,652.080000000000,0.162000000000
1467067680,652.090000000000,1.970000000000
1467067680,652.290000000000,0.155000000000
1467067680,652.290000000000,0.713100000000
1467067680,652.310000000000,0.669500000000
1467067680,652.330000000000,0.176000000000
1467067680,652.340000000000,0.364500000000
1467067680,652.370000000000,0.179000000000
1467067680,652.370000000000,0.342400000000
1467067680,652.380000000000,5.050000000000
1467067650,651.920000000000,0.200305000000
1467067650,651.940000000000,0.271600000000
1467067650,651.950000000000,0.239375000000
1467067634,652.950000000000,0.050000000000
1467067619,651.660000000000,0.676692730000
1467067619,651.800000000000,0.010000000000
1467067619,651.810000000000,1.140000000000
1467067619,651.840000000000,0.010000000000
1467067619,651.850000000000,1.540000000000
1467067619,652.000000000000,0.010146720000
1467067619,652.040000000000,0.010000000000
1467067619,652.120000000000,0.208000000000
1467067619,652.120000000000,0.010000000000
1467067619,652.150000000000,0.227000000000
1467067619,652.190000000000,0.010000000000
1467067619,652.200000000000,0.010000000000
1467067619,652.210000000000,0.010000000000
1467067619,652.220000000000,0.010000000000
1467067619,652.230000000000,0.010000000000
1467067619,652.250000000000,0.223000000000
1467067619,652.250000000000,0.529000000000
1467067619,652.370000000000,0.240000000000
1467067619,652.450000000000,0.233000000000
1467067619,652.500000000000,0.010000000000
1467067619,652.500000000000,0.010000000000
1467067619,652.510000000000,0.160625000000
1467067619,653.000000000000,0.010115470000
1467067619,653.000000000000,0.863890080000
1467067591,653.070000000000,5.434570000000
1467067591,653.060000000000,0.400000000000
1467067591,653.040000000000,0.124000000000
1467067591,653.040000000000,0.160000000000
1467067562,653.000000000000,2.000000000000
1467067561,653.090000000000,0.216410000000
1467067561,653.080000000000,4.600000000000
1467067561,653.070000000000,0.082000000000
1467067549,653.000000000000,0.102940920000
1467067549,653.010000000000,0.700000000000
1467067549,653.030000000000,0.010000000000
1467067549,653.040000000000,0.010000000000
1467067549,653.250000000000,0.010000000000
1467067549,653.250000000000,0.010000000000
1467067547,653.500000000000,2.473296050000
1467067543,653.510000000000,4.600000000000
1467067543,653.520000000000,0.400000000000
1467067537,653.950000000000,4.055690000000
1467067505,653.500000000000,2.234699000000
1467067501,653.500000000000,0.292004950000
1467067501,653.970000000000,0.115845050000
1467067470,653.980000000000,0.431300000000
1467067440,653.970000000000,0.681870000000
1467067411,653.980000000000,0.217210000000
1467067380,653.980000000000,9.919900000000
1467067350,653.980000000000,1.501110000000
1467067320,653.980000000000,0.059820000000
1467067290,653.970000000000,0.847230000000
1467067260,653.980000000000,3.789340000000
1467067230,653.980000000000,0.212790000000
1467067221,653.980000000000,0.040000000000
1467067203,653.970000000000,0.013938200000
1467067202,653.970000000000,0.022546750000
1467067200,653.970000000000,0.562330000000
1467067193,653.980000000000,0.152528550000
1467067170,653.970000000000,0.156240000000
1467067140,653.980000000000,1.111100000000
1467067132,653.980000000000,0.065000000000
1467067123,653.980000000000,0.175919690000
1467067122,653.980000000000,0.160000000000
1467067112,653.980000000000,0.200000000000
1467067110,653.980000000000,0.099210000000
1467067093,653.980000000000,0.045688460000
1467067082,653.980000000000,0.490590000000
1467067082,653.980000000000,0.072000000000
1467067082,653.980000000000,1.050000000000
1467067081,653.980000000000,2.000000000000
1467067070,653.980000000000,2.000000000000
1467067050,653.990000000000,0.100778000000
1467067050,653.980000000000,0.097092000000
1467067020,653.980000000000,0.135880000000
1467067020,653.750000000000,0.160000000000
1467066997,653.980000000000,0.014888460000
1467066997,653.980000000000,0.152139540000
1467066969,653.280000000000,0.075820000000
1467066969,653.400000000000,0.010000000000
1467066931,653.560000000000,0.729250000000
1467066931,653.850000000000,0.010000000000
1467066931,653.860000000000,0.233000000000
1467066931,653.870000000000,0.010000000000
1467066931,653.900000000000,0.010000000000
1467066931,653.910000000000,0.010000000000
1467066931,653.930000000000,1.140000000000
1467066931,653.940000000000,0.232000000000
1467066928,654.660000000000,2.210534400000
1467066928,654.650000000000,0.010000000000
1467066928,654.580000000000,0.010000000000
1467066928,654.500000000000,2.000000000000
1467066928,654.490000000000,0.010000000000
1467066928,654.340000000000,0.500000000000
1467066928,654.330000000000,0.010000000000
1467066928,654.320000000000,0.020000000000
1467066928,654.320000000000,0.220000000000
1467066928,654.250000000000,0.009465600000
1467066918,654.250000000000,0.024420470000
1467066918,653.880000000000,0.010000000000
1467066905,654.250000000000,0.091113930000
1467066905,654.250000000000,0.010000000000
1467066905,654.250000000000,0.015661340000
1467066905,654.240000000000,0.010000000000
1467066905,654.180000000000,0.160000000000
1467066905,654.040000000000,0.010000000000
1467066905,654.000000000000,0.010107730000
1467066905,654.000000000000,0.010100000000
1467066905,653.840000000000,0.010000000000
1467066905,653.640000000000,0.010000000000
1467066905,653.150000000000,0.246997000000
1467066903,653.020000000000,0.012682760000
1467066902,653.020000000000,0.021264950000
1467066871,653.000000000000,0.033169000000
1467066871,653.010000000000,0.120041000000
1467066871,653.050000000000,0.010000000000
1467066861,653.150000000000,0.003002000000
1467066861,653.140000000000,0.021998000000
1467066847,653.140000000000,0.050000000000
1467066841,653.060000000000,2.689110000000
1467066831,653.140000000000,0.014001000000
1467066831,653.130000000000,0.085999000000
1467066811,653.140000000000,0.896670000000
1467066811,653.140000000000,0.010000000000
1467066798,653.970000000000,0.450002000000
1467066798,653.920000000000,0.010000000000
1467066798,653.890000000000,2.259999000000
1467066798,653.880000000000,0.010000000000
1467066798,653.870000000000,0.010000000000
1467066798,653.270000000000,0.249999000000
1467066798,653.260000000000,0.010000000000
1467066781,653.870000000000,0.120041000000
1467066781,653.000000000000,0.249999000000
1467066774,653.890000000000,3.740001000000
1467066774,652.950000000000,0.249999000000
1467066774,652.940000000000,0.010000000000
1467066762,653.880000000000,3.047664310000
1467066762,653.750000000000,0.010000000000
1467066762,653.750000000000,0.010000000000
1467066762,653.740000000000,2.380000000000
1467066762,653.700000000000,0.010000000000
1467066762,653.690000000000,1.230000000000
1467066762,653.630000000000,0.020000000000
1467066762,653.560000000000,0.016817000000
1467066762,653.500000000000,0.010000000000
1467066762,653.390000000000,0.010000000000
1467066762,653.260000000000,0.010000000000
1467066762,653.250000000000,0.292000000000
1467066762,653.220000000000,6.000000000000
1467066762,653.210000000000,0.700000000000
1467066762,653.200000000000,0.100000000000
1467066762,653.090000000000,0.010000000000
1467066762,653.000000000000,0.010138940000
1467066762,653.000000000000,0.010131170000
1467066762,652.940000000000,0.020000000000
1467066762,652.890000000000,0.010000000000
1467066762,652.710000000000,0.130000000000
1467066762,652.680000000000,0.646091270000
1467066762,652.670000000000,0.010000000000
1467066751,652.680000000000,0.800000000000
1467066751,652.680000000000,4.553908730000
1467066751,652.680000000000,0.010000000000
1467066751,652.660000000000,0.890000000000
1467066751,652.520000000000,0.010000000000
1467066751,652.500000000000,0.012047180000
1467066751,652.500000000000,0.010000000000
1467066751,652.500000000000,0.010000000000
1467066751,652.500000000000,0.010000000000
1467066751,652.380000000000,0.140600000000
1467066751,652.320000000000,0.010000000000
1467066751,652.250000000000,0.010000000000
1467066751,652.250000000000,0.010000000000
1467066751,652.190000000000,0.121000000000
1467066751,652.160000000000,0.010000000000
1467066751,652.160000000000,0.010000000000
1467066751,652.120000000000,0.010000000000
1467066751,652.110000000000,0.129000000000
1467066751,652.110000000000,0.339324090000
1467066722,652.110000000000,0.543845910000
1467066722,652.100000000000,3.300000000000
1467066722,652.100000000000,0.039720190000
1467066722,652.100000000000,0.010000000000
1467066722,652.000000000000,0.010115830000
1467066722,652.000000000000,0.020000000000
1467066722,652.000000000000,0.044828070000
1467066722,651.950000000000,3.620000000000
1467066691,652.000000000000,0.535090000000
1467066669,651.520000000000,0.281100000000
1467066669,651.520000000000,0.238000000000
1467066631,652.000000000000,0.420081930000
1467066631,652.000000000000,0.010108070000
1467066631,651.930000000000,0.010000000000
1467066603,651.020000000000,0.011397690000
1467066603,651.010000000000,0.012608450000
1467066603,651.010000000000,0.010000000000
1467066602,651.780000000000,0.219770000000
1467066602,651.720000000000,0.010000000000
1467066571,651.690000000000,0.151970000000
1467066571,651.520000000000,0.010000000000
1467066566,651.330000000000,0.064437620000
1467066566,651.330000000000,0.990000000000
1467066558,651.000000000000,0.098458600000
1467066543,651.000000000000,0.110794170000
1467066543,651.000000000000,0.010115830000
1467066543,651.000000000000,0.010000000000
1467066543,651.000000000000,0.010000000000
1467066543,651.010000000000,0.700000000000
1467066543,651.010000000000,0.117380000000
1467066512,651.160000000000,1.659990000000
1467066500,651.110000000000,0.984585900000
1467066484,651.950000000000,0.740260000000
1467066484,651.910000000000,1.106000000000
1467066471,651.940000000000,0.200000000000
1467066459,651.010000000000,0.072620000000
1467066459,651.010000000000,0.010000000000
1467066459,651.010000000000,0.010000000000
1467066459,651.020000000000,0.085000000000
1467066459,651.020000000000,0.100000000000
1467066459,651.020000000000,0.010000000000
1467066419,651.720000000000,0.200000000000
1467066407,651.500000000000,0.472757260000
1467066399,651.540000000000,0.933600000000
1467066399,651.430000000000,0.076000000000
1467066399,651.350000000000,0.097000000000
1467066399,651.270000000000,0.074000000000
1467066399,651.190000000000,0.109000000000
1467066399,651.110000000000,0.121000000000
1467066399,651.030000000000,0.678900000000
1467066399,651.030000000000,0.115000000000
1467066399,651.030000000000,1.225500000000
1467066399,651.030000000000,0.570000000000
1467066392,651.030000000000,0.094410000000
1467066361,651.190000000000,0.142430000000
1467066361,651.170000000000,0.113000000000
1467066361,651.160000000000,4.190000000000
1467066361,651.150000000000,0.300000000000
1467066349,651.410000000000,0.059720190000
1467066337,651.660000000000,0.010000000000
1467066331,651.770000000000,0.667610000000
1467066328,651.880000000000,0.200000000000
1467066323,651.990000000000,1.834071820000
1467066323,651.910000000000,0.010000000000
1467066323,651.900000000000,0.420000000000
1467066323,651.890000000000,0.077000000000
1467066323,651.880000000000,1.910000000000
1467066323,651.770000000000,0.110000000000
1467066323,651.760000000000,0.016719000000
1467066323,651.680000000000,0.010000000000
1467066323,651.650000000000,0.126000000000
1467066323,651.510000000000,0.107000000000
1467066323,651.490000000000,0.010000000000
1467066323,651.430000000000,0.115000000000
1467066323,651.350000000000,0.109000000000
1467066323,651.350000000000,0.010000000000
1467066323,651.320000000000,0.010000000000
1467066323,651.250000000000,0.039898630000
1467066323,651.250000000000,0.010000000000
1467066323,651.250000000000,0.010000000000
1467066323,651.190000000000,0.010000000000
1467066303,651.020000000000,0.010901130000
1467066303,651.000000000000,0.019513570000
1467066295,651.170000000000,0.064322050000
1467066295,651.100000000000,0.010000000000
1467066295,651.000000000000,0.925677950000
1467066271,650.990000000000,0.262120000000
1467066242,650.990000000000,1.638620000000
1467066242,650.990000000000,0.133000000000
1467066237,651.000000000000,5.000000000000
1467066213,651.000000000000,0.312400000000
1467066196,651.000000000000,0.080000000000
1467066181,651.000000000000,1.066880000000
1467066179,651.000000000000,0.615042050000
1467066179,651.000000000000,0.010053970000
1467066179,651.000000000000,0.010000000000
1467066179,651.000000000000,0.015968770000
1467066179,651.000000000000,0.010046240000
1467066179,650.990000000000,1.031527280000
1467066167,650.990000000000,0.042904150000
1467066159,650.990000000000,0.070000000000
1467066159,650.920000000000,0.010000000000
1467066154,650.850000000000,0.971170000000
1467066149,650.860000000000,0.579228690000
1467066121,650.850000000000,0.843600000000
1467066098,650.850000000000,0.013740000000
1467066061,650.860000000000,1.278970000000
1467066058,650.860000000000,0.200000000000
1467066049,650.860000000000,0.256300000000
1467066034,650.860000000000,0.251100000000
1467066003,650.840000000000,11.637914590000
1467066003,650.850000000000,0.754000000000
1467066003,650.850000000000,0.098804600000
1467066003,650.850000000000,0.576100000000
1467066003,650.850000000000,0.613600000000
1467066003,650.850000000000,1.010000000000
1467066003,650.850000000000,0.550300000000
1467066003,650.850000000000,0.010000000000
1467066003,650.850000000000,0.136110810000
1467066003,650.850000000000,0.012790990000
1467066002,650.850000000000,0.018098200000
1467065994,650.860000000000,0.718088740000
1467065994,650.860000000000,0.016610260000
1467065971,650.840000000000,12.045773100000
1467065971,650.840000000000,1.220000000000
1467065971,650.840000000000,17.848330000000
1467065971,650.850000000000,0.989306900000
1467065971,650.850000000000,10.000000000000
1467065971,650.850000000000,0.976400000000
1467065971,650.850000000000,0.700000000000
1467065971,650.850000000000,0.212000000000
1467065965,650.860000000000,0.019889740000
1467065941,650.840000000000,0.062050000000
1467065911,650.840000000000,2.089620000000
1467065911,650.840000000000,0.222000000000
1467065899,650.850000000000,0.001388200000
1467065892,650.800000000000,0.447600000000
1467065892,650.800000000000,0.468800000000
1467065892,650.790000000000,3.300000000000
1467065881,650.790000000000,1.106750000000
1467065861,650.780000000000,2.493640000000
1467065821,650.790000000000,0.208000000000
1467065795,650.780000000000,0.435930000000
1467065795,650.780000000000,0.223000000000
1467065792,650.790000000000,3.065524160000
1467065764,650.790000000000,0.080000000000
1467065761,650.790000000000,0.380000000000
1467065731,650.790000000000,0.081950000000
1467065724,650.790000000000,0.022000000000
1467065721,650.790000000000,0.001649770000
1467065711,650.790000000000,0.061410000000
1467065704,650.780000000000,0.011014450000
1467065703,650.780000000000,0.017050070000
1467065671,650.780000000000,0.230620000000
1467065632,650.790000000000,0.200000000000
1467065611,650.800000000000,3.578870000000
1467065611,650.800000000000,0.020000000000
1467065581,650.810000000000,0.038000000000
1467065581,650.800000000000,0.077000000000
1467065581,650.800000000000,0.040000000000
1467065555,650.810000000000,0.060760000000
1467065555,650.810000000000,2.000000000000
1467065521,650.820000000000,0.255568570000
1467065521,650.750000000000,0.010000000000
1467065521,650.750000000000,0.010000000000
1467065521,650.700000000000,0.010000000000
1467065521,650.690000000000,0.074000000000
1467065521,650.550000000000,0.010000000000
1467065521,650.470000000000,0.010000000000
1467065521,650.370000000000,0.119000000000
1467065521,650.370000000000,0.010000000000
1467065521,650.320000000000,0.094000000000
1467065521,650.250000000000,0.010000000000
1467065521,650.090000000000,0.010000000000
1467065521,650.000000000000,0.020000000000
1467065521,650.000000000000,0.160000000000
1467065521,650.000000000000,2.000000000000
1467065521,650.000000000000,0.075000000000
1467065521,650.000000000000,0.010000000000
1467065521,650.000000000000,0.010000000000
1467065521,650.000000000000,0.010000000000
1467065521,650.000000000000,0.010000000000
1467065521,650.000000000000,0.010054050000
1467065521,650.000000000000,2.046728910000
1467065521,650.000000000000,0.024567340000
1467065521,650.000000000000,0.014406540000
1467065521,650.000000000000,0.010000000000
1467065521,650.000000000000,0.012065210000
1467065521,650.000000000000,0.010000000000
1467065521,650.000000000000,0.010000000000
1467065521,650.000000000000,0.010046310000
1467065521,649.990000000000,1.956063070000
1467065517,649.990000000000,0.655894770000
1467065517,649.980000000000,0.330000000000
1467065491,649.990000000000,0.677391000000
1467065491,649.990000000000,0.300000000000
1467065491,649.930000000000,0.010000000000
1467065491,649.880000000000,0.720249000000
1467065461,649.880000000000,0.451730000000
1467065461,649.870000000000,1.010000000000
1467065431,648.640000000000,0.329130000000
1467065431,648.650000000000,0.700000000000
1467065431,648.660000000000,2.010000000000
1467065431,648.780000000000,0.010000000000
1467065431,648.790000000000,0.770000000000
1467065431,648.870000000000,0.107000000000
1467065431,648.950000000000,0.122000000000
1467065431,649.030000000000,0.084000000000
1467065431,649.040000000000,0.010000000000
1467065431,649.110000000000,0.108000000000
1467065431,649.190000000000,0.010000000000
1467065431,649.200000000000,0.024380000000
1467065431,649.240000000000,0.094000000000
1467065431,649.240000000000,0.010000000000
1467065403,649.570000000000,0.017180620000
1467065372,649.880000000000,0.084561530000
1467065372,649.860000000000,0.089000000000
1467065372,649.760000000000,0.076000000000
1467065372,649.750000000000,0.250000000000
1467065372,649.680000000000,0.129000000000
1467065372,649.670000000000,0.020000000000
1467065372,649.670000000000,0.010000000000
1467065372,649.600000000000,0.121000000000
1467065372,649.520000000000,0.010000000000
1467065372,649.500000000000,0.595318470000
1467065372,649.480000000000,0.138400000000
1467065358,649.480000000000,0.080000000000
1467065341,649.300000000000,0.162960000000
1467065311,649.480000000000,0.308880000000
1467065293,649.500000000000,2.310000000000
1467065288,649.500000000000,5.932270000000
1467065288,649.480000000000,0.090000000000
1467065288,649.450000000000,0.121000000000
1467065288,649.450000000000,0.009000000000
1467065288,649.400000000000,0.112000000000
1467065288,649.320000000000,0.119000000000
1467065288,649.260000000000,0.010000000000
1467065287,649.160000000000,0.070000000000
1467065287,649.080000000000,0.110000000000
1467065287,649.080000000000,0.010000000000
1467065252,649.000000000000,0.109410000000
1467065246,648.550000000000,0.140000000000
1467065231,648.640000000000,0.001008890000
1467065221,648.640000000000,1.238570000000
1467065221,648.630000000000,0.146000000000
1467065206,648.760000000000,2.459490000000
1467065191,648.820000000000,0.333260000000
1467065161,649.360000000000,1.204570000000
1467065161,649.350000000000,0.166000000000
1467065101,648.690000000000,0.070962650000
1467065101,648.700000000000,0.038747350000
1467065099,649.440000000000,0.050000000000
1467065097,649.440000000000,0.100000000000
1467065091,649.460000000000,0.020000000000
1467065077,649.480000000000,0.200000000000
1467065073,649.430000000000,1.166424000000
1467065073,649.270000000000,0.063356000000
1467065041,648.530000000000,0.015220000000
1467065041,648.550000000000,0.106000000000
1467065041,648.670000000000,0.029000000000
1467065011,648.510000000000,0.160250000000
1467065011,648.590000000000,0.167000000000
1467065011,648.650000000000,1.400000000000
1467065011,648.650000000000,0.010000000000
1467065011,648.670000000000,0.090000000000
1467065011,648.670000000000,0.010000000000
1467065010,649.260000000000,0.038747350000
1467064981,648.850000000000,0.201740000000
1467064981,648.850000000000,0.218000000000
1467064981,648.860000000000,0.400000000000
1467064981,648.860000000000,2.790000000000
1467064951,649.270000000000,0.035527010000
1467064951,649.270000000000,0.010000000000
1467064951,649.250000000000,0.010000000000
1467064951,649.250000000000,0.010000000000
1467064951,649.230000000000,0.057000000000
1467064951,649.130000000000,0.010000000000
1467064951,649.000000000000,0.150000000000
1467064951,649.000000000000,0.010000000000
1467064951,649.000000000000,0.010092990000
1467064951,648.990000000000,0.298150000000
1467064921,648.990000000000,1.776820000000
1467064921,648.980000000000,0.113000000000
1467064891,648.990000000000,0.460981160000
1467064891,648.980000000000,0.132988840000
1467064891,648.900000000000,0.183600000000
1467064861,648.990000000000,4.645731710000
1467064861,648.890000000000,0.010000000000
1467064861,648.890000000000,0.021999000000
1467064861,648.720000000000,0.010000000000
1467064861,648.700000000000,0.194489290000
1467064861,648.670000000000,0.010000000000
1467064861,648.660000000000,0.077000000000
1467064861,648.640000000000,0.089000000000
1467064861,648.530000000000,0.148300000000
1467064861,648.520000000000,0.010000000000
1467064861,648.500000000000,0.105000000000
1467064861,648.500000000000,0.010000000000
1467064861,648.500000000000,0.010000000000
1467064834,647.860000000000,1.349210000000
1467064834,647.870000000000,0.029000000000
1467064834,647.870000000000,0.195000000000
1467064801,648.340000000000,0.061643840000
1467064801,648.330000000000,0.120186160000
1467064801,648.320000000000,0.528100000000
1467064771,648.460000000000,0.201880000000
1467064764,648.470000000000,0.060000000000
1467064764,648.260000000000,0.010000000000
1467064764,648.200000000000,0.030000000000
1467064741,648.150000000000,0.013556160000
1467064741,648.090000000000,0.167400000000
1467064741,648.070000000000,0.096000000000
1467064741,648.070000000000,0.010000000000
1467064741,648.000000000000,0.814193840000
1467064711,647.900000000000,0.108310000000
1467064682,648.000000000000,0.100000000000
1467064681,647.820000000000,0.930065000000
1467064681,647.820000000000,0.253175000000
1467064651,647.920000000000,0.020730000000
1467064651,647.910000000000,0.085000000000
1467064651,647.890000000000,0.204100000000
1467064651,647.880000000000,0.330000000000
1467064651,647.910000000000,0.450000000000
1467064631,648.000000000000,0.650000000000
1467064629,648.000000000000,0.460000000000
1467064623,648.000000000000,0.224120000000
1467064591,647.990000000000,0.194460000000
1467064591,647.990000000000,0.180000000000
1467064569,648.000000000000,0.003078720000
1467064531,648.000000000000,1.336230000000
1467064509,648.000000000000,0.275073600000
1467064509,648.000000000000,1.295303100000
1467064509,648.000000000000,0.277483760000
1467064501,648.000000000000,0.058340000000
1467064500,648.000000000000,0.010667770000
1467064491,648.000000000000,0.080000000000
1467064487,648.000000000000,0.080000000000
1467064482,648.000000000000,4.327475190000
1467064482,648.000000000000,0.040000000000
1467064482,648.000000000000,0.010093130000
1467064482,648.000000000000,1.793106650000
1467064471,648.000000000000,0.427240180000
1467064443,648.000000000000,0.190390000000
1467064411,648.000000000000,1.149660000000
1467064388,648.000000000000,0.030000000000
1467064388,648.000000000000,0.129028000000
1467064388,648.000000000000,0.031000000000
1467064388,648.000000000000,0.511000000000
1467064388,648.000000000000,0.015000000000
1467064388,648.000000000000,0.206500000000
1467064388,648.000000000000,0.098000000000
1467064388,648.000000000000,0.000030780000
1467064381,648.000000000000,0.233960000000
1467064378,648.000000000000,0.000030780000
1467064351,647.990000000000,0.131090000000
1467064321,648.000000000000,0.119960000000
1467064291,648.000000000000,0.576850000000
1467064286,648.000000000000,0.000030780000
1467064281,648.000000000000,0.000400230000
1467064275,648.000000000000,0.003894580000
1467064261,647.990000000000,0.387450000000
1467064261,647.990000000000,0.605200000000
1467064232,648.000000000000,0.027511030000
1467064232,647.990000000000,0.842710000000
1467064209,648.000000000000,0.365340000000
1467064200,647.910000000000,3.976673640000
1467064171,648.000000000000,0.092110000000
1467064111,647.980000000000,0.300930000000
1467064111,647.990000000000,0.229000000000
1467064111,647.990000000000,0.529900000000
1467064081,647.740000000000,0.153080000000
1467064051,648.000000000000,0.176220000000
1467064022,647.230000000000,1.358720000000
1467064014,648.000000000000,0.038853480000
1467063994,648.000000000000,4.485340000000
1467063994,647.990000000000,0.400000000000
1467063990,647.280000000000,0.397224600000
1467063990,647.290000000000,0.226000000000
1467063990,647.300000000000,0.200000000000
1467063990,647.310000000000,0.269000000000
1467063990,647.320000000000,1.700000000000
1467063990,647.670000000000,4.010000000000
1467063965,648.000000000000,1.744470000000
1467063933,648.000000000000,2.344230000000
1467063901,647.270000000000,0.211170000000
1467063901,647.290000000000,1.650000000000
1467063901,647.300000000000,0.300000000000
1467063871,647.990000000000,2.627572000000
1467063871,647.560000000000,0.249999000000
1467063871,647.550000000000,0.249999000000
1467063841,647.000000000000,0.001290000000
1467063841,647.500000000000,0.040000000000
1467063812,647.510000000000,3.299380000000
1467063812,647.520000000000,0.400000000000
1467063781,647.990000000000,0.326550000000
1467063779,648.000000000000,0.599914660000
1467063779,648.000000000000,0.010085340000
1467063779,648.000000000000,0.040000000000
1467063751,647.140000000000,0.459890000000
1467063751,647.990000000000,0.352000000000
1467063723,647.990000000000,2.091594370000
1467063723,647.870000000000,0.010000000000
1467063723,647.860000000000,4.680000000000
1467063723,647.630000000000,0.029000000000
1467063723,647.500000000000,0.040000000000
1467063723,647.230000000000,0.119000000000
1467063723,647.150000000000,0.118000000000
1467063723,647.130000000000,0.010000000000
1467063723,647.070000000000,0.118000000000
1467063723,647.000000000000,9.057875630000
1467063723,646.990000000000,0.121000000000
1467063661,646.990000000000,0.059060000000
1467063632,647.000000000000,0.224760000000
1467063632,646.990000000000,0.117000000000
1467063618,647.000000000000,0.000321830000
1467063618,646.990000000000,0.114000000000
1467063602,647.000000000000,0.376980000000
1467063602,646.990000000000,0.076000000000
1467063602,646.920000000000,3.470000000000
1467063602,646.910000000000,0.081000000000
1467063602,646.910000000000,0.300000000000
1467063596,647.000000000000,0.037200000000
1467063596,647.000000000000,0.120783760000
1467063596,647.000000000000,0.249016240000
1467063596,646.990000000000,0.093000000000
1467063573,646.990000000000,0.112000000000
1467063556,647.000000000000,0.033216240000
1467063556,647.000000000000,0.308046300000
1467063541,647.000000000000,3.081530000000
1467063515,646.630000000000,0.188200000000
1467063474,646.990000000000,0.040000000000
1467063452,647.000000000000,2.984960000000
1467063452,646.990000000000,0.084000000000
1467063421,646.990000000000,0.075205540000
1467063421,646.990000000000,0.095734460000
1467063397,646.990000000000,0.014880000000
1467063397,646.990000000000,0.148000000000
1467063361,646.950000000000,5.897940000000
1467063361,646.920000000000,0.156000000000
1467063361,646.920000000000,0.212300000000
1467063337,646.950000000000,0.187430000000
1467063337,646.950000000000,0.174600000000
1467063337,646.930000000000,0.133000000000
1467063337,646.920000000000,1.120000000000
1467063301,646.980000000000,0.932897500000
1467063301,646.970000000000,0.234302500000
1467063276,646.620000000000,0.022349300000
1467063271,646.900000000000,0.144370000000
1467063241,646.810000000000,0.126610000000
1467063211,646.980000000000,0.060010000000
1467063181,647.000000000000,3.525310000000
1467063181,646.930000000000,0.010000000000
1467063181,646.740000000000,0.068300000000
1467063181,646.740000000000,0.273900000000
1467063151,646.630000000000,1.682410000000
1467063151,646.640000000000,0.177990000000
1467063126,646.670000000000,0.290622500000
1467063126,646.640000000000,0.152400000000
1467063126,646.630000000000,0.236787500000
1467063091,646.910000000000,0.120380000000
1467063062,646.820000000000,0.153170000000
1467063032,646.620000000000,0.074380000000
1467063032,647.000000000000,0.040000000000
1467063001,647.480000000000,0.540130000000
1467063001,647.470000000000,0.155000000000
1467063001,647.450000000000,0.322900000000
1467063001,647.420000000000,0.250000000000
1467063001,647.420000000000,0.254700000000
1467062972,647.860000000000,0.838780000000
1467062972,647.770000000000,0.142000000000
1467062972,647.750000000000,0.010000000000
1467062972,647.750000000000,0.010000000000
1467062972,647.740000000000,0.010000000000
1467062972,647.610000000000,0.165000000000
1467062972,647.500000000000,0.040000000000
1467062972,647.500000000000,0.128000000000
1467062972,647.480000000000,0.197000000000
1467062972,647.460000000000,0.010000000000
1467062972,647.350000000000,0.071000000000
1467062972,647.300000000000,0.010000000000
1467062972,647.270000000000,0.086000000000
1467062972,647.000000000000,0.040000000000
1467062941,646.330000000000,0.436660000000
1467062941,646.460000000000,0.090000000000
1467062941,646.500000000000,0.040000000000
1467062941,646.500000000000,0.010000000000
1467062941,646.500000000000,0.010000000000
1467062941,646.520000000000,0.105000000000
1467062941,646.630000000000,0.104000000000
1467062941,646.650000000000,0.076000000000
1467062941,646.790000000000,0.010000000000
1467062941,646.930000000000,0.010000000000
1467062941,646.940000000000,0.010000000000
1467062941,647.000000000000,0.040000000000
1467062914,647.860000000000,0.213180000000
1467062883,647.860000000000,1.569090000000
1467062883,647.750000000000,0.010000000000
1467062883,647.750000000000,0.010000000000
1467062883,647.750000000000,0.134000000000
1467062883,647.710000000000,0.010000000000
1467062883,647.520000000000,0.010000000000
1467062883,647.500000000000,0.040000000000
1467062883,647.270000000000,0.010000000000
1467062883,647.000000000000,0.040000000000
1467062851,646.270000000000,0.441524660000
1467062851,646.500000000000,0.010000000000
1467062851,646.500000000000,0.010000000000
1467062851,646.500000000000,0.040000000000
1467062851,646.510000000000,0.630000000000
1467062851,646.540000000000,0.087000000000
1467062851,646.550000000000,0.330000000000
1467062851,646.620000000000,0.079000000000
1467062851,646.700000000000,0.121000000000
1467062851,646.780000000000,0.104000000000
1467062851,646.860000000000,0.103000000000
1467062851,646.940000000000,0.124000000000
1467062851,647.000000000000,0.010085340000
1467062851,647.000000000000,0.040000000000
1467062851,647.020000000000,0.087000000000
1467062851,647.050000000000,0.010000000000
1467062851,647.100000000000,0.074000000000
1467062851,647.210000000000,0.030000000000
1467062851,647.240000000000,0.102000000000
1467062851,647.240000000000,0.010000000000
1467062851,647.270000000000,0.010000000000
1467062851,647.280000000000,0.010000000000
1467062851,647.290000000000,0.010000000000
1467062851,647.310000000000,0.084000000000
1467062851,647.420000000000,0.127000000000
1467062851,647.500000000000,0.073000000000
1467062851,647.500000000000,0.040000000000
1467062821,647.930000000000,0.061530000000
1467062798,648.490000000000,0.938987450000
1467062798,648.280000000000,0.010000000000
1467062798,648.270000000000,0.340000000000
1467062798,648.090000000000,0.172000000000
1467062798,648.060000000000,0.010000000000
1467062798,648.020000000000,0.249999000000
1467062798,648.010000000000,0.193000000000
1467062798,648.000000000000,1.000000000000
1467062798,648.000000000000,0.010077550000
1467062798,648.000000000000,0.040000000000
1467062798,648.000000000000,0.249999000000
1467062798,647.990000000000,0.249999000000
1467062798,647.900000000000,0.010000000000
1467062798,647.870000000000,0.089819000000
1467062798,647.860000000000,0.249999000000
1467062798,647.750000000000,0.151000000000
1467062798,647.530000000000,0.010000000000
1467062798,647.500000000000,1.000000000000
1467062745,647.790000000000,0.010000000000
1467062731,647.840000000000,0.533000000000
1467062731,647.850000000000,0.383100000000
1467062731,647.850000000000,0.293100000000
1467062731,647.850000000000,0.316100000000
1467062731,647.850000000000,0.079000000000
1467062731,647.850000000000,0.357000000000
1467062703,647.870000000000,0.150000000000
1467062701,647.870000000000,0.010180000000
1467062701,647.720000000000,0.010000000000
1467062701,647.500000000000,0.040000000000
1467062672,646.510000000000,2.455522450000
1467062672,646.780000000000,0.010000000000
1467062672,646.830000000000,0.010000000000
1467062672,646.960000000000,0.010000000000
1467062672,646.970000000000,0.639000000000
1467062672,646.970000000000,0.010000000000
1467062672,646.980000000000,0.020000000000
1467062672,646.990000000000,0.010000000000
1467062672,647.000000000000,0.010077550000
1467062672,647.000000000000,0.040000000000
1467062672,647.060000000000,0.103000000000
1467062672,647.140000000000,0.119000000000
1467062672,647.220000000000,0.092000000000
1467062672,647.250000000000,0.010000000000
1467062672,647.250000000000,0.010000000000
1467062672,647.300000000000,0.091000000000
1467062672,647.380000000000,0.073000000000
1467062672,647.460000000000,0.081000000000
1467062672,647.500000000000,0.040000000000
1467062672,647.540000000000,0.089000000000
1467062672,647.640000000000,0.010000000000
1467062672,647.660000000000,0.229000000000
1467062672,647.740000000000,0.210000000000
1467062672,647.780000000000,0.010000000000
1467062672,647.810000000000,0.115000000000
1467062672,647.810000000000,0.010000000000
1467062643,648.000000000000,0.048041000000
1467062643,647.870000000000,0.049999000000
1467062636,647.860000000000,0.249999000000
1467062629,647.870000000000,0.200000000000
1467062623,648.420000000000,0.041001000000
1467062623,648.340000000000,0.130000000000
1467062623,648.290000000000,0.010000000000
1467062623,648.260000000000,0.138000000000
1467062623,648.180000000000,0.110000000000
1467062623,648.130000000000,0.239999000000
1467062623,648.100000000000,0.137000000000
1467062619,648.000000000000,8.205743050000
1467062619,648.000000000000,0.014687300000
1467062619,647.980000000000,0.195700000000
1467062586,648.000000000000,0.015320000000
1467062579,647.990000000000,0.044498000000
1467062579,647.990000000000,0.205501000000
1467062571,647.990000000000,0.249999000000
1467062551,648.000000000000,1.805521000000
1467062551,647.860000000000,0.194149000000
1467062521,647.860000000000,0.055850000000
1467062521,647.850000000000,0.100000000000
1467062497,648.440000000000,0.010000000000
1467062492,648.450000000000,1.586470000000
1467062461,648.450000000000,5.640480000000
1467062431,648.450000000000,0.341320000000
1467062401,648.450000000000,0.219190000000
1467062371,648.870000000000,0.017230000000
1467062369,648.890000000000,0.078000000000
1467062369,648.890000000000,0.150000000000
1467062353,648.930000000000,0.500000000000
1467062341,648.960000000000,0.188130000000
1467062288,648.960000000000,3.027070000000
1467062251,648.980000000000,2.502370000000
1467062221,648.990000000000,0.283510000000
1467062221,648.980000000000,0.136000000000
1467062191,648.990000000000,0.015710000000
1467062191,648.980000000000,0.156000000000
1467062135,648.850000000000,0.275328320000
1467062135,648.840000000000,0.186291680000
1467062101,648.970000000000,0.073610000000
1467062071,648.690000000000,0.108350000000
1467062044,648.950000000000,0.152158320000
1467062041,648.960000000000,0.045730000000
1467062011,648.980000000000,0.078930000000
1467061981,648.960000000000,0.466330000000
1467061981,648.970000000000,0.371600000000
1467061981,648.970000000000,0.338450000000
1467061952,648.520000000000,0.031650000000
1467061938,648.990000000000,2.668037740000
1467061938,648.980000000000,0.960000000000
1467061938,648.980000000000,0.124000000000
1467061932,648.980000000000,0.039584430000
1467061921,648.990000000000,0.324790000000
1467061921,648.980000000000,0.181000000000
1467061892,648.900000000000,0.063700000000
1467061892,648.880000000000,0.234700000000
1467061881,648.910000000000,0.039500000000
1467061881,648.910000000000,0.200500000000
1467061877,648.890000000000,3.864554000000
1467061877,648.880000000000,0.160000000000
1467061877,648.880000000000,0.075446000000
1467061861,648.700000000000,0.889970000000
1467061861,648.710000000000,0.105000000000
1467061837,648.990000000000,0.726350000000
1467061837,648.980000000000,0.700000000000
1467061837,648.940000000000,0.232000000000
1467061837,648.920000000000,0.010000000000
1467061837,648.860000000000,0.178000000000
1467061837,648.710000000000,0.161300000000
1467061837,648.710000000000,0.222200000000
1467061837,648.710000000000,0.511300000000
1467061837,648.710000000000,0.504400000000
1467061803,647.910000000000,0.019671000000
1467061801,647.670000000000,2.180200000000
1467061801,647.680000000000,0.700000000000
1467061801,647.850000000000,0.010000000000
1467061801,647.860000000000,0.680000000000
1467061801,647.900000000000,0.146000000000
1467061801,647.910000000000,1.020000000000
1467061801,647.960000000000,0.010000000000
1467061801,647.980000000000,0.142000000000
1467061801,647.990000000000,0.010000000000
1467061801,648.060000000000,0.114000000000
1467061801,648.180000000000,0.160000000000
1467061801,648.260000000000,0.151000000000
1467061801,648.260000000000,0.010000000000
1467061801,648.340000000000,0.155000000000
1467061801,648.400000000000,0.010000000000
1467061801,648.410000000000,2.180000000000
1467061801,648.420000000000,0.143000000000
1467061771,648.990000000000,0.489610000000
1467061742,648.990000000000,0.008600000000
1467061742,648.890000000000,0.109000000000
1467061742,648.880000000000,0.010000000000
1467061742,648.780000000000,0.079000000000
1467061742,648.760000000000,0.075000000000
1467061742,648.740000000000,0.010000000000
1467061742,648.500000000000,0.010000000000
1467061742,648.500000000000,0.010000000000
1467061742,648.440000000000,0.010000000000
1467061719,648.470000000000,0.036000000000
1467061719,648.470000000000,0.010000000000
1467061719,648.390000000000,0.124000000000
1467061719,648.330000000000,0.010000000000
1467061719,648.310000000000,0.010000000000
1467061711,648.300000000000,0.036320000000
1467061711,648.300000000000,0.297700000000
1467061711,648.300000000000,0.148000000000
1467061711,648.300000000000,0.259400000000
1467061681,648.010000000000,0.059390000000
1467061673,648.250000000000,0.067275120000
1467061673,648.120000000000,0.010000000000
1467061673,648.040000000000,0.185700000000
1467061673,648.020000000000,0.223100000000
1467061673,648.010000000000,0.220300000000
1467061673,648.010000000000,0.216800000000
1467061651,648.000000000000,0.163030230000
1467061651,648.000000000000,0.025000000000
1467061651,648.000000000000,0.010069770000
1467061651,648.000000000000,0.040000000000
1467061621,647.990000000000,0.474650000000
1467061591,647.990000000000,0.199180000000
1467061561,647.690000000000,1.972930000000
1467061541,648.000000000000,0.060000000000
1467061533,648.000000000000,0.497070000000
1467061504,647.980000000000,0.231418620000
1467061504,647.260000000000,0.010000000000
1467061502,647.990000000000,15.283060550000
1467061502,647.970000000000,0.010000000000
1467061502,647.950000000000,0.126000000000
1467061502,647.840000000000,0.010000000000
1467061502,647.830000000000,0.020000000000
1467061502,647.750000000000,0.010000000000
1467061501,647.750000000000,0.010000000000
1467061501,647.710000000000,0.010000000000
1467061501,647.530000000000,0.010000000000
1467061501,647.500000000000,0.021989450000
1467061501,647.500000000000,0.040000000000
1467061501,647.310000000000,0.010000000000
1467061501,647.000000000000,0.040000000000
1467061472,646.990000000000,0.252920000000
1467061472,646.990000000000,0.932500000000
1467061472,646.990000000000,0.351200000000
1467061472,646.990000000000,1.099700000000
1467061472,646.990000000000,3.990000000000
1467061472,646.990000000000,0.153000000000
1467061321,646.330000000000,0.016465000000
1467061321,646.380000000000,0.184000000000
1467061321,646.390000000000,0.650000000000
1467061321,646.400000000000,0.010000000000
1467061321,646.410000000000,0.390000000000
1467061321,646.440000000000,0.317300000000
1467061321,646.460000000000,0.217000000000
1467061321,646.500000000000,0.010000000000
1467061321,646.500000000000,0.010000000000
1467061321,646.500000000000,0.040000000000
1467061321,646.550000000000,0.120000000000
1467061321,646.620000000000,0.010000000000
1467061321,646.630000000000,0.125000000000
1467061321,646.650000000000,0.088000000000
1467061321,646.750000000000,0.010000000000
1467061321,646.760000000000,0.010000000000
1467061321,646.790000000000,0.010000000000
1467061321,646.800000000000,0.055375000000
1467061321,647.040000000000,0.020000000000
1467061291,646.800000000000,0.000400000000
1467061291,647.000000000000,0.040000000000
1467061261,647.660000000000,1.622840000000
1467061261,647.650000000000,0.010000000000
1467061261,647.500000000000,0.040000000000
1467061231,646.830000000000,0.239040000000
1467061231,646.840000000000,0.191000000000
1467061204,646.780000000000,0.112450000000
1467061204,647.000000000000,0.040000000000
1467061204,647.070000000000,0.130000000000
1467061204,647.090000000000,0.097000000000
1467061204,647.170000000000,0.089000000000
1467061204,647.170000000000,0.010000000000
1467061204,647.250000000000,0.088000000000
1467061204,647.380000000000,0.010000000000
1467061173,647.860000000000,0.030750000000
1467061173,647.860000000000,0.010000000000
1467061149,647.820000000000,0.104826480000
1467061149,647.740000000000,0.082000000000
1467061149,647.660000000000,0.085000000000
1467061149,647.650000000000,0.010000000000
1467061149,647.580000000000,0.111000000000
1467061149,647.500000000000,0.102000000000
1467061149,647.500000000000,0.039753520000
1467061125,647.500000000000,0.000246480000
1467061111,646.770000000000,0.920938240000
1467061111,646.800000000000,0.010000000000
1467061111,646.840000000000,0.088000000000
1467061111,646.930000000000,0.081000000000
1467061111,647.000000000000,0.040000000000
1467061111,647.000000000000,0.010069770000
1467061111,647.000000000000,0.010061990000
1467061111,647.020000000000,0.098000000000
1467061111,647.100000000000,0.102000000000
1467061111,647.180000000000,0.128000000000
1467061111,647.180000000000,0.010000000000
1467061111,647.250000000000,0.010000000000
1467061111,647.250000000000,0.010000000000
1467061111,647.270000000000,0.127000000000
1467061111,647.350000000000,0.081000000000
1467061111,647.430000000000,0.010000000000
1467061111,647.440000000000,0.099000000000
1467061111,647.440000000000,0.010000000000
1467061111,647.450000000000,0.010000000000
1467061111,647.460000000000,0.010000000000
1467061111,647.470000000000,0.010000000000
1467061111,647.480000000000,0.010000000000
1467061111,647.500000000000,0.040000000000
1467061085,648.000000000000,0.020000000000
1467061082,648.000000000000,0.060440000000
1467061056,648.360000000000,0.053170000000
1467061043,647.640000000000,0.080000000000
1467061021,648.550000000000,1.029210000000
1467060991,648.560000000000,0.137000000000
1467060985,647.510000000000,0.009938470000
1467060985,647.700000000000,0.010000000000
1467060985,648.000000000000,0.010092990000
1467060985,648.030000000000,0.009768540000
1467060961,648.570000000000,0.063350000000
1467060949,648.190000000000,0.000018540000
1467060932,648.030000000000,0.000077150000
1467060932,648.570000000000,0.528540000000
1467060923,648.030000000000,0.000154310000
1467060917,648.570000000000,0.200000000000
1467060901,648.560000000000,0.935950000000
1467060901,648.510000000000,0.010000000000
1467060901,648.490000000000,0.094000000000
1467060901,648.490000000000,0.040000000000
1467060884,648.430000000000,0.010000000000
1467060871,649.000000000000,8.424164370000
1467060871,649.000000000000,20.000000000000
1467060871,649.000000000000,1.000000000000
1467060871,649.000000000000,0.010085210000
1467060871,648.990000000000,2.920000000000
1467060871,648.910000000000,0.010000000000
1467060871,648.750000000000,0.075000000000
1467060871,648.750000000000,0.010000000000
1467060871,648.750000000000,0.010000000000
1467060871,648.720000000000,0.010000000000
1467060871,648.620000000000,0.010000000000
1467060871,648.580000000000,0.074000000000
1467060871,648.500000000000,7.538000000000
1467060871,648.490000000000,1.118750420000
1467060871,648.480000000000,1.210000000000
1467060871,648.450000000000,0.010000000000
1467060871,648.440000000000,4.870000000000
1467060871,648.270000000000,0.010000000000
1467060871,648.260000000000,2.590000000000
1467060871,648.140000000000,0.010000000000
1467060871,648.110000000000,0.080000000000
1467060871,647.940000000000,0.010000000000
1467060841,647.450000000000,0.073260000000
1467060841,647.450000000000,0.010000000000
1467060841,647.510000000000,0.010000000000
1467060841,647.520000000000,0.010000000000
1467060841,647.530000000000,0.116000000000
1467060841,647.530000000000,0.010000000000
1467060811,648.480000000000,0.441510000000
1467060782,648.710000000000,10.106840000000
1467060782,648.700000000000,3.840000000000
1467060770,648.570000000000,0.020000000000
1467060751,648.710000000000,0.089264660000
1467060751,648.640000000000,0.062783350000
1467060751,648.610000000000,0.079000000000
1467060751,648.460000000000,0.121000000000
1467060751,648.000000000000,0.010061990000
1467060745,647.610000000000,0.000000960000
1467060721,647.540000000000,3.832840000000
1467060721,647.550000000000,0.283000000000
1467060721,648.000000000000,1.000000000000
1467060661,648.640000000000,0.233600000000
1467060633,648.650000000000,0.709298360000
1467060633,648.500000000000,0.010000000000
1467060633,648.500000000000,0.010000000000
1467060633,648.480000000000,0.010000000000
1467060633,648.260000000000,0.010000000000
1467060633,648.140000000000,0.010000000000
1467060633,648.000000000000,0.010054220000
1467060633,648.000000000000,2.469067420000
1467060631,648.000000000000,1.919119040000
1467060631,647.960000000000,0.010000000000
1467060631,647.930000000000,0.010000000000
1467060631,647.750000000000,0.010000000000
1467060631,647.750000000000,0.010000000000
1467060631,647.660000000000,0.010000000000
1467060602,647.630000000000,0.178080000000
1467060571,647.490000000000,0.009785690000
1467060571,647.480000000000,0.010000000000
1467060571,647.350000000000,0.072000000000
1467060571,647.320000000000,0.010000000000
1467060571,647.270000000000,0.080000000000
1467060571,647.270000000000,0.010000000000
1467060571,647.190000000000,0.105000000000
1467060571,647.110000000000,0.108000000000
1467060571,647.100000000000,0.010000000000
1467060571,647.030000000000,0.121000000000
1467060571,647.000000000000,0.010054310000
1467060571,646.950000000000,0.096000000000
1467060571,646.950000000000,0.500000000000
1467060541,646.880000000000,0.022110000000
1467060541,646.880000000000,0.010000000000
1467060511,645.850000000000,1.511069160000
1467060511,646.000000000000,0.010054310000
1467060511,646.000000000000,0.010046530000
1467060511,646.000000000000,0.010000000000
1467060511,646.010000000000,0.680000000000
1467060511,646.010000000000,0.010000000000
1467060511,646.010000000000,0.253840000000
1467060511,646.020000000000,0.880000000000
1467060511,646.050000000000,0.010000000000
1467060511,646.060000000000,0.880000000000
1467060511,646.060000000000,0.010000000000
1467060511,646.070000000000,2.390000000000
1467060511,646.160000000000,0.077000000000
1467060511,646.170000000000,0.630000000000
1467060511,646.190000000000,0.010000000000
1467060511,646.200000000000,0.740000000000
1467060511,646.240000000000,0.113000000000
1467060511,646.250000000000,1.110000000000
1467060511,646.330000000000,0.129000000000
1467060511,646.340000000000,2.580000000000
1467060511,646.470000000000,0.010000000000
1467060511,646.500000000000,0.010000000000
1467060511,646.500000000000,0.010000000000
1467060511,646.510000000000,0.082000000000
1467060511,646.620000000000,0.010000000000
1467060511,646.630000000000,0.010000000000
1467060511,646.640000000000,0.010000000000
1467060511,646.650000000000,0.010000000000
1467060511,646.720000000000,0.109000000000
1467060511,646.800000000000,0.088000000000
1467060511,646.800000000000,0.160000000000
1467060481,647.630000000000,0.053410000000
1467060422,647.710000000000,0.010000000000
1467060421,647.710000000000,0.056920000000
1467060421,647.700000000000,0.240000000000
1467060395,647.000000000000,0.122910000000
1467060395,647.250000000000,0.010000000000
1467060395,647.250000000000,0.010000000000
1467060364,648.000000000000,0.745850000000
1467060364,647.980000000000,0.077000000000
1467060337,648.000000000000,2.770050000000
1467060337,647.990000000000,4.240000000000
1467060337,647.690000000000,0.310000000000
1467060337,647.670000000000,0.461400000000
1467060301,646.670000000000,0.310245780000
1467060301,647.000000000000,0.010054220000
1467060301,647.010000000000,0.240000000000
1467060285,648.000000000000,12.095913540000
1467060285,648.000000000000,0.010046460000
1467060285,647.970000000000,0.010000000000
1467060285,647.870000000000,0.010000000000
1467060285,647.750000000000,0.010000000000
1467060285,647.750000000000,0.010000000000
1467060285,647.730000000000,6.696140000000
1467060285,647.540000000000,3.990000000000
1467060285,647.520000000000,0.167900000000
1467060281,647.240000000000,0.020250960000
1467060271,647.730000000000,0.035860000000
1467060271,647.700000000000,0.010000000000
1467060271,647.460000000000,0.010000000000
1467060271,647.280000000000,0.010000000000
1467060271,646.670000000000,0.010000000000
1467060241,647.180000000000,7.671824070000
1467060241,647.110000000000,0.010000000000
1467060241,647.000000000000,0.010046530000
1467060241,646.930000000000,0.010000000000
1467060241,646.690000000000,0.010000000000
1467060241,646.580000000000,0.113000000000
1467060241,646.540000000000,2.230000000000
1467060241,646.500000000000,0.125000000000
1467060241,646.420000000000,0.079000000000
1467060241,646.390000000000,0.100000000000
1467060241,646.340000000000,0.080000000000
1467060241,646.260000000000,0.113000000000
1467060241,646.180000000000,0.095000000000
1467060241,646.100000000000,0.099000000000
1467060241,646.020000000000,0.108000000000
1467060241,646.020000000000,4.373309400000
1467060211,646.020000000000,0.628790000000
1467060211,646.020000000000,0.120000000000
1467060181,646.020000000000,0.255180000000
1467060171,646.020000000000,0.230000000000
1467060159,646.010000000000,0.032460000000
1467060159,646.020000000000,0.010000000000
1467060159,646.040000000000,0.010000000000
1467060121,646.050000000000,0.079730000000
1467060091,646.050000000000,1.307580000000
1467060091,646.050000000000,0.120000000000
1467060091,646.050000000000,0.170000000000
1467060091,646.050000000000,0.120900000000
1467060091,646.050000000000,0.040000000000
1467060091,646.050000000000,0.109000000000
1467060069,646.050000000000,0.328030000000
1467060069,646.050000000000,0.227400000000
1467060069,646.050000000000,0.010000000000
1467060069,646.050000000000,0.093000000000
1467060069,646.050000000000,0.410000000000
1467060035,646.060000000000,0.766920000000
1467060029,646.270000000000,0.020000000000
1467060028,646.250000000000,0.010000000000
1467060028,646.250000000000,0.010000000000
1467060018,646.260000000000,0.052855400000
1467060014,646.680000000000,4.278020000000
1467060013,646.260000000000,0.478554100000
1467060013,646.500000000000,0.010000000000
1467060013,646.500000000000,0.010000000000
1467060013,646.500000000000,0.010000000000
1467060013,646.680000000000,0.010000000000
1467060013,646.700000000000,0.010000000000
1467060002,646.860000000000,0.498000000000
1467060002,647.000000000000,0.010046460000
1467060002,647.000000000000,0.010038700000
1467059971,647.270000000000,1.700580000000
1467059971,647.260000000000,1.360000000000
1467059941,647.010000000000,0.418750420000
1467059941,647.010000000000,0.010000000000
1467059941,647.020000000000,0.010000000000
1467059941,647.030000000000,1.504000000000
1467059941,647.030000000000,0.010000000000
1467059941,647.040000000000,0.010000000000
1467059941,647.050000000000,0.010000000000
1467059941,647.120000000000,0.641219580000
1467059926,647.970000000000,0.091600000000
1467059926,647.970000000000,0.190900000000
1467059926,647.970000000000,0.007543350000
1467059926,647.960000000000,0.029956650000
1467059911,648.250000000000,0.810320000000
1467059905,647.120000000000,0.858780420000
1467059905,648.000000000000,0.010085210000
1467059905,648.000000000000,0.010077430000
1467059905,648.000000000000,0.010069660000
1467059905,648.000000000000,0.010000000000
1467059905,648.000000000000,0.010000000000
1467059905,648.240000000000,0.010000000000
1467059905,648.360000000000,0.010000000000
1467059898,648.620000000000,0.016993680000
1467059892,649.000000000000,0.016360000000
1467059888,649.000000000000,0.662000000000
1467059876,649.000000000000,0.050000000000
1467059856,649.010000000000,0.328350000000
1467059846,649.010000000000,0.200000000000
1467059830,649.020000000000,1.446250000000
1467059830,649.010000000000,0.538700000000
1467059830,649.010000000000,0.370000000000
1467059830,649.010000000000,0.666900000000
1467059830,649.010000000000,0.614300000000
1467059830,649.010000000000,0.178000000000
1467059815,649.010000000000,0.019473350000
1467059791,649.180000000000,1.314870000000
1467059764,649.230000000000,0.020000000000
1467059761,649.020000000000,0.591340000000
1467059731,649.230000000000,0.200000000000
1467059731,649.230000000000,0.223000000000
1467059702,649.260000000000,0.989350000000
1467059702,649.250000000000,0.203000000000
1467059671,649.000000000000,0.271640000000
1467059671,649.020000000000,0.295900000000
1467059671,649.040000000000,0.322600000000
1467059641,648.570000000000,1.515110000000
1467059641,648.580000000000,0.124000000000
1467059611,649.230000000000,0.060570000000
1467059599,648.580000000000,0.752820000000
1467059599,648.590000000000,0.020000000000
1467059599,648.630000000000,0.010000000000
1467059599,648.640000000000,0.125000000000
1467059599,648.680000000000,0.010000000000
1467059599,648.720000000000,0.156000000000
1467059599,648.800000000000,0.145000000000
1467059599,648.800000000000,0.030000000000
1467059599,648.880000000000,0.144000000000
1467059599,648.880000000000,0.030000000000
1467059566,649.260000000000,0.032500000000
1467059566,649.260000000000,0.169200000000
1467059566,649.260000000000,0.040300000000
1467059566,649.260000000000,0.048000000000
1467059552,649.070000000000,1.697100000000
1467059531,649.280000000000,0.734050000000
1467059531,649.280000000000,0.170800000000
1467059491,649.270000000000,0.406990000000
1467059491,649.270000000000,0.812200000000
1467059491,649.270000000000,0.162000000000
1467059465,649.210000000000,0.397450000000
1467059465,649.230000000000,1.030600000000
1467059465,649.240000000000,0.158000000000
1467059435,648.970000000000,7.553670000000
1467059435,649.280000000000,0.020000000000
1467059405,649.340000000000,1.498816640000
1467059405,649.340000000000,0.010000000000
1467059405,649.330000000000,0.700000000000
1467059405,649.190000000000,0.123000000000
1467059405,649.110000000000,0.010000000000
1467059405,649.090000000000,0.135000000000
1467059405,649.000000000000,0.137000000000
1467059405,649.000000000000,0.010069660000
1467059405,648.840000000000,0.010000000000
1467059405,648.810000000000,2.366113700000
1467059402,648.570000000000,0.684540000000
1467059373,648.810000000000,0.042320000000
1467059373,648.800000000000,0.146000000000
1467059341,648.150000000000,0.122526300000
1467059341,648.160000000000,0.700000000000
1467059341,648.160000000000,0.098383700000
1467059341,648.290000000000,0.074000000000
1467059341,648.490000000000,0.103000000000
1467059341,648.500000000000,0.297210000000
1467059311,648.810000000000,0.460746300000
1467059311,648.800000000000,0.098383700000
1467059281,648.500000000000,2.267170000000
1467059251,648.500000000000,0.494990000000
1467059233,648.500000000000,2.940630000000
1467059191,648.810000000000,0.130820000000
1467059191,648.800000000000,3.000000000000
1467059191,648.790000000000,0.153000000000
1467059161,648.000000000000,0.678380000000
1467059161,648.000000000000,0.329820000000
1467059161,648.010000000000,0.156000000000
1467059161,648.130000000000,0.010000000000
1467059161,648.140000000000,0.010000000000
1467059161,648.150000000000,0.010000000000
1467059161,648.160000000000,0.010000000000
1467059161,648.190000000000,0.146000000000
1467059161,648.250000000000,0.700000000000
1467059161,648.260000000000,2.430000000000
1467059161,648.270000000000,0.162000000000
1467059131,648.580000000000,0.203830000000
1467059102,648.310000000000,0.015559210000
1467059101,648.300000000000,0.063330000000
1467059101,648.460000000000,0.010000000000
1467059071,649.360000000000,2.522768100000
1467059071,649.340000000000,0.128000000000
1467059071,649.330000000000,0.010000000000
1467059071,649.320000000000,0.010000000000
1467059071,649.310000000000,1.290000000000
1467059071,649.290000000000,1.590000000000
1467059071,649.250000000000,0.010000000000
1467059071,649.250000000000,0.010000000000
1467059071,649.240000000000,4.530000000000
1467059071,649.120000000000,0.010000000000
1467059071,649.090000000000,0.010000000000
1467059071,649.000000000000,0.010061900000
1467059071,648.930000000000,0.060000000000
1467059071,648.880000000000,0.010000000000
1467059071,648.790000000000,0.050000000000
1467059056,648.790000000000,0.030000000000
1467059041,648.020000000000,2.403270000000
1467059041,648.030000000000,0.192000000000
1467059041,648.030000000000,0.400000000000
1467059025,648.760000000000,0.040000000000
1467059011,648.780000000000,0.313300000000
1467059010,648.780000000000,0.010000000000
1467058981,648.000000000000,0.070180000000
1467058981,648.000000000000,0.010000000000
1467058981,648.000000000000,0.010000000000
1467058981,648.200000000000,0.010000000000
1467058974,648.860000000000,0.110000000000
1467058963,648.880000000000,0.386953700000
1467058963,648.880000000000,0.331610970000
1467058951,648.890000000000,0.111230000000
1467058930,648.930000000000,0.595290000000
1467058891,648.980000000000,0.028995000000
1467058891,648.970000000000,0.470000000000
1467058891,648.960000000000,0.090875000000
1467058862,647.780000000000,3.978233960000
1467058862,648.000000000000,0.010061900000
1467058862,648.000000000000,0.010054140000
1467058862,648.060000000000,0.010000000000
1467058862,648.180000000000,0.010000000000
1467058862,648.750000000000,0.010000000000
1467058862,648.750000000000,0.010000000000
1467058831,648.170000000000,0.296275000000
1467058831,648.250000000000,0.236000000000
1467058831,648.250000000000,0.010000000000
1467058831,648.260000000000,2.750000000000
1467058831,648.370000000000,0.107000000000
1467058831,648.380000000000,0.240000000000
1467058831,648.420000000000,0.010000000000
1467058831,648.450000000000,0.136000000000
1467058831,648.460000000000,0.010000000000
1467058831,648.530000000000,0.115000000000
1467058831,648.610000000000,0.130000000000
1467058831,648.690000000000,0.102000000000
1467058831,648.750000000000,0.010000000000
1467058831,648.750000000000,0.010000000000
1467058831,648.770000000000,0.150000000000
1467058831,648.780000000000,0.090875000000
1467058831,648.780000000000,0.093000000000
1467058806,649.740000000000,0.040000000000
1467058802,648.780000000000,0.014882630000
1467058802,648.780000000000,0.071620000000
1467058771,648.770000000000,0.018940000000
1467058741,648.510000000000,0.020130000000
1467058741,648.600000000000,0.010000000000
1467058741,648.610000000000,1.150000000000
1467058741,648.750000000000,0.010000000000
1467058741,648.760000000000,0.010000000000
1467058741,648.770000000000,0.010000000000
1467058741,648.820000000000,0.121000000000
1467058741,648.880000000000,1.600000000000
1467058741,648.900000000000,0.114000000000
1467058741,649.500000000000,0.010000000000
1467058741,649.500000000000,0.010000000000
1467058741,649.870000000000,0.010000000000
1467058711,649.880000000000,0.066060000000
1467058684,649.880000000000,0.216139470000
1467058684,649.850000000000,0.152280530000
1467058684,649.840000000000,0.034250000000
1467058681,649.850000000000,0.247719470000
1467058681,649.710000000000,0.094280530000
1467058681,649.710000000000,0.048000000000
1467058657,649.710000000000,0.107719470000
1467058657,649.710000000000,0.010000000000
1467058657,649.480000000000,0.100000000000
1467058657,649.440000000000,0.010000000000
1467058657,649.380000000000,0.260300000000
1467058657,649.270000000000,0.010000000000
1467058657,649.080000000000,0.010000000000
1467058657,649.000000000000,0.010054140000
1467058657,649.000000000000,0.010046390000
1467058657,648.960000000000,0.077000000000
1467058657,648.900000000000,0.010000000000
1467058657,648.880000000000,0.095000000000
1467058657,648.800000000000,0.104000000000
1467058657,648.800000000000,0.010000000000
1467058632,648.750000000000,0.034506010000
1467058632,648.750000000000,0.010000000000
1467058632,648.750000000000,0.005493990000
1467058621,648.350000000000,0.034250000000
1467058599,648.750000000000,0.004506010000
1467058599,648.730000000000,0.010000000000
1467058599,648.580000000000,0.072000000000
1467058599,648.560000000000,0.010000000000
1467058599,648.540000000000,0.010000000000
1467058599,648.500000000000,0.124000000000
1467058599,648.500000000000,0.019495990000
1467058598,648.500000000000,0.230002000000
1467058598,648.420000000000,0.010000000000
1467058598,648.390000000000,0.010000000000
1467058598,648.500000000000,0.240002000000
1467058598,648.380000000000,0.010000000000
1467058592,648.500000000000,0.160000000000
1467058591,648.500000000000,0.150500000000
1467058591,648.500000000000,0.010000000000
1467058591,648.500000000000,0.010000000000
1467058591,648.480000000000,0.010000000000
1467058591,648.280000000000,0.010000000000
1467058571,648.480000000000,0.810432630000
1467058571,648.260000000000,0.010000000000
1467058571,648.250000000000,0.400000000000
1467058571,648.230000000000,0.010000000000
1467058571,648.220000000000,1.570000000000
1467058571,648.100000000000,0.040000000000
1467058571,648.090000000000,0.010000000000
1467058571,648.000000000000,0.010030950000
1467058571,647.940000000000,0.010000000000
1467058571,647.770000000000,0.010000000000
1467058571,647.750000000000,0.010000000000
1467058571,647.750000000000,0.010000000000
1467058571,647.720000000000,0.010000000000
1467058571,647.540000000000,0.010000000000
1467058571,647.510000000000,0.265000000000
1467058571,647.500000000000,0.010000000000
1467058571,647.500000000000,0.012388280000
1467058571,647.500000000000,0.010000000000
1467058571,647.500000000000,0.010000000000
1467058571,647.250000000000,0.087948760000
1467058561,647.250000000000,0.162051240000
1467058561,647.250000000000,0.010000000000
1467058561,647.070000000000,0.050000000000
1467058561,647.070000000000,0.010000000000
1467058561,647.000000000000,0.010000000000
1467058561,647.000000000000,0.010000000000
1467058561,647.000000000000,0.010038760000
1467058551,646.930000000000,0.009654250000
1467058551,646.910000000000,0.010000000000
1467058551,646.850000000000,0.108000000000
1467058551,646.740000000000,0.106000000000
1467058551,646.660000000000,0.093000000000
1467058551,646.660000000000,0.010000000000
1467058551,646.580000000000,0.119000000000
1467058551,646.480000000000,0.010000000000
1467058551,646.430000000000,0.500000000000
1467058551,646.320000000000,0.010000000000
1467058551,646.250000000000,0.010000000000
1467058551,646.250000000000,0.010000000000
1467058551,646.250000000000,0.010000000000
1467058551,646.250000000000,0.010000000000
1467058551,646.100000000000,0.010000000000
1467058551,646.050000000000,0.020000000000
